3962 6150
724 645 789 706 Cod.
807 645 895 706 Rehd.
915 648 957 706 78.
975 647 1017 705 19.
1533 647 1573 716 33

159 879 273 943 codice
302 879 484 962 disputavit
512 880 547 943 in
577 879 727 944 eiusdem
755 879 934 944 voluminis
960 879 1170 962 praefatione
1196 900 1269 962 pag.
1298 880 1342 943 lX
1367 880 1451 962 sqq.)
1501 882 1515 943 t
1538 878 1573 943 C.

158 999 194 1064 G.
217 999 373 1082 Heyne,
398 1001 450 1064 cui
473 1003 524 1064 est
546 1000 653 1064 Vrat.
676 1000 719 1076 Α;
750 999 836 1064 conl.
858 999 1023 1083 Heynium
1049 1000 1084 1090 in
1106 1000 1210 1082 praef.
1233 999 1412 1064 voluminis
1435 1001 1478 1064 Ill
1499 1019 1574 1082 pag.

157 1120 327 1184 LXXXIX.
379 1119 465 1184 Hinc
495 1120 638 1202 sumpsit
666 1139 750 1202 quae
779 1120 814 1183 in
842 1119 941 1185 Varia
968 1121 1112 1186 lectione
1147 1121 1304 1186 editionis
1335 1139 1414 1185 suae
1440 1121 1481 1185 de
1510 1122 1575 1186 hoc

160 1241 276 1306 codice
299 1241 403 1305 tradit
424 1241 470 1306 La
491 1241 651 1320 Roohius,
676 1241 728 1304 cui
752 1245 803 1306 est
825 1243 862 1305 V.
909 1241 1006 1307 Gonf.
1028 1242 1075 1306 La
1096 1242 1223 1322 Boche,
1247 1242 1328 1324 „Die
1351 1241 1573 1306 Homerisohe

158 1359 365 1426 Textkritik“
388 1381 461 1443 pag.
484 1361 558 1440 486,
582 1364 614 1425 et
636 1361 740 1444 praef.
765 1361 922 1426 editionis
946 1382 1026 1427 suae
1048 1383 1121 1446 pag.
1144 1363 1183 1428 X.

284 1508 422 1573 Praeter
444 1508 508 1572 hos
536 1508 650 1572 codice
672 1507 725 1572 usi
749 1512 827 1572 sunt
849 1508 927 1574 Chr.
950 1509 1003 1574 Fr.
1024 1510 1182 1574 Matthaei
1205 1510 1247 1591 (a.
1273 1510 1377 1591 1785),
1399 1508 1573 1573 Eduardus

160 1627 310 1691 Gerhard
331 1627 373 1708 (a.
400 1628 505 1710 1816),
529 1626 564 1692 C.
591 1628 627 1692 F.
652 1628 864 1710 Kampmann
888 1628 930 1711 (a.
956 1630 1060 1711 1843),
1084 1629 1265 1694 Guilelmus
1289 1629 1429 1694 Carolus
1449 1631 1575 1712 Kayser

159 1748 200 1829 (a.
228 1749 318 1812 1851.
344 1748 449 1830 1859),
471 1749 640 1829 Augustus
662 1749 840 1815 Rossbach
864 1749 906 1831 (a.
933 1751 1023 1815 1877.
1050 1750 1154 1833 1883).
1508 1783 1539 1837 z,

835 2015 899 2097 29.

720 2189 764 2258 (vr
782 2211 815 2236 =
835 2189 862 2243 s,
880 2190 900 2242 1.
918 2189 943 2241 a
963 2187 1014 2257 19.)

288 2344 401 2410 Codex
417 2347 692 2411 membranaceus
704 2344 812 2409 forma
824 2346 969 2427 oblonga
985 2344 1240 2427 (0‚350><0,0.>55
1252 2346 1320 2428 m),
1336 2345 1491 2410 foliorum
1505 2347 1575 2425 177,

161 2468 292 2531 constat
320 2465 488 2530 fasciculis
521 2467 559 2530 18
589 2465 804 2548 quinionibus
832 2469 966 2548 praeter
994 2465 1014 2528 5
1043 2464 1112 2546 (fol.
1135 2466 1275 2548 tx-te)
1309 2466 1574 2548 quaternionem,

160 2590 192 2650 et
217 2587 255 2650 18
289 2585 358 2668 (iol.
390 2587 570 2669 170-177)
602 2585 792 2651 ternionem
826 2585 955 2651 duobus
985 2585 1073 2649 foliis
1107 2585 1322 2667 adglutinatis
1354 2588 1411 2651 171
1448 2587 1574 2651 51174.

158 2705 264 2770 Totus
287 2706 372 2770 liber
394 2706 436 2770 ab
458 2726 526 2771 uno
551 2705 662 2770 scriba
684 2710 838 2770 exaratus
862 2710 914 2770 est
937 2725 1023 2770 saec.
1052 2706 1119 2786 XV,
1144 2706 1225 2772 satis
1249 2705 1353 2770 nitide
1377 2710 1410 2770 et
1432 2707 1575 2788 eleganti

156 2824 345 2890 litterarum
379 2827 494 2903 ductu3
535 2827 594 2890 sed
629 2826 739 2890 scriba
776 2825 1047 2908 imperitissimus
1085 2825 1147 2890 fuit
1181 2831 1213 2891 et
1251 2822 1574 2910 neglegentissimus,

159 2965 223 3028 qua
251 2965 287 3009 re
316 2944 525 3025 factumest,
553 2950 591 3010 ut
614 2946 718 3011 codex
742 2945 860 3010 calami
882 2946 972 3010 vitiis
1002 2949 1138 3026 scateat,
1168 2950 1200 3011 et
1222 2948 1327 3012 multa
1349 2947 1475 3012 omissa
1499 2948 1576 3026 sint,

159 3085 250 3147 quae
270 3065 393 3148 partim
421 3067 462 3130 ab
487 3067 605 3131 eodem
634 3067 745 3132 scriba
772 3066 894 3149 partim
922 3067 964 3131 ab
993 3068 1058 3132 alio
1088 3069 1188 3150 paulo
1217 3067 1402 3132 recentiore
1431 3068 1466 3132 in
1489 3088 1577 3132 mar-

159 3186 288 3266 ginibus
319 3187 471 3269 suppleta
500 3189 587 3251 sunt.
642 3187 787 3269 Paginae
821 3187 856 3250 in
882 3187 980 3252 binas
1010 3189 1183 3253 columnas
1217 3187 1343 3253 divisae
1371 3192 1458 3269 sunt,
1492 3209 1577 3271 quae

159 3307 294 3372 vicenos
318 3308 439 3390 quinos
462 3327 579 3372 versus
604 3307 786 3373 continent.

287 3481 404 3545 Insunt
426 3480 461 3544 in
483 3480 598 3545 codice
620 3480 719 3544 haec:

290 3634 321 3700 l.
346 3635 542 3700 1513--6Γ
565 3634 625 3699 col.
656 3653 676 3697 a
698 3634 800 3698 med:
829 3635 1299 3717 Batrachomyomachia
1336 3631 1475 3721 ,ὁμήρου
1505 3656 1578 3721 μυο-

160 3754 436 3842 βατραχομαχία.“
505 3755 585 3820 inc:
605 3751 792 3840 Ἀρχόμενος
813 3754 934 3838 πρῶτον
958 3754 1080 3839 μουσῶν
1146 3753 1362 3840 destulerit
1386 3753 1578 3841 μονοήμερος

160 3874 339 3960 ἐξετελὲστη
389 3875 566 3958 Inscriptio
601 3874 704 3939 minio
734 3874 839 3956 picta,
880 3874 960 3938 item
986 3874 1118 3956 glossae
1145 3875 1391 3956 interlineares,
1425 3897 1509 3960 quae
1543 3877 1578 3941 in

159 3997 268 4079 prima
290 4001 420 4062 tanturn
442 3997 565 4080 pagina
587 3998 730 4061 exstant.

288 4137 337 4201 Ex
360 4137 425 4201 hoo
449 4135 563 4200 codice
584 4134 712 4217 primus
736 4133 898 4198 nonnulla
914 4153 1009 4198 suum
1032 4133 1068 4196 in
1090 4153 1188 4198 usum
1204 4133 1371 4216 excerpsit
1384 4133 1578 4216 Lessingius

162 4276 246 4338 quae
284 4275 359 4321 curn
397 4256 467 4321 eius
504 4253 778 4320 adnotationibus
813 4253 917 4318 edidit
949 4253 1130 4318 Fulleborn
1168 4253 1203 4318 in
1236 4253 1310 4320 Vita
1341 4255 1507 4337 Lessingii
1540 4255 1580 4320 ΠΙ

160 4396 235 4458 pag.
250 4377 324 4456 a51,
347 4375 481 4459 repetiit
496 4377 732 4442 Lachmannus
755 4375 790 4439 in
813 4375 864 4439 ed.
888 4394 1027 4458 operum
1041 4375 1206 4457 Lessingii
1221 4375 1292 4440 Vol.
1307 4375 1350 4440 Xl
1371 4397 1404 4458 p.
1427 4376 1490 4440 689
1514 4396 1580 4458 sq.;

161 4500 281 4579 postea
313 4497 422 4563 varias
456 4497 619 4562 lectiones
655 4495 779 4560 codicis
808 4515 828 4561 a
854 4495 943 4560 Frid.
966 4495 1117 4560 lacobsio
1147 4496 1302 4561 collectas
1331 4496 1476 4578 vulgavit
1497 4497 1579 4577 Aug.

161 4618 320 4683 Matthiae
342 4617 377 4682 in
401 4618 452 4683 ed.
474 4618 564 4700 Lips
591 4617 671 4682 1805
698 4616 798 4698 (conf.
820 4636 894 4699 pag.
917 4617 1000 4699 Vll);
1023 4616 1210 4682 accuratius
1232 4616 1355 4680 librum
1377 4616 1526 4682 excussit
1547 4619 1581 4680 et

162 4738 197 4802 in
219 4759 317 4803 usum
333 4737 491 4803 editionis
514 4758 593 4802 suae
610 4737 773 4802 convertit
788 4736 1048 4816 Baumeisterus
1072 4737 1127 4820 qui
1143 4756 1219 4802 eum
1234 4738 1250 4802 1
1268 4737 1379 4804 littera
1394 4735 1582 4818 designavit

163 4863 196 4924 51
225 4860 266 4924 de
295 4879 334 4923 eo
358 4859 539 4942 disputavit
564 4878 638 4941 pag.
662 4859 682 4922 9
710 4862 743 4923 et
763 4878 838 4941 pag.
863 4858 902 4923 19
929 4857 1256 4940 prolegomenorum.
1298 4858 1329 4922 ls
1358 4879 1434 4924 eum
1467 4856 1581 4939 generi

163 4981 267 5046 mixto
297 4981 387 5064 quod
415 4985 512 5045 vocat
545 4979 752 5060 adnumerat,
786 4979 832 5042 ita
860 4982 983 5057 tamen,
1016 4980 1053 5043 ut
1080 4979 1121 5042 ab
1155 4978 1433 5062 interpolatorum
1461 4996 1581 5058 genere

162 5102 315 5185 proxime
330 5103 434 5180 absit;
450 5101 631 5166 Brandtius
654 5100 689 5163 in
712 5100 825 5164 libello
842 5100 897 5181 qui
913 5098 1107 5165 inscribitur
1130 5098 1192 5177 „de
1204 5096 1584 5180 Batrachomyomachia

162 5223 342 5289 Homerica
357 5222 650 5305 recognoscenda‘
666 5241 740 5304 pag.
759 5219 798 5284 14
818 5219 994 5284 deterioris
1018 5217 1107 5302 quod
1130 5219 1245 5283 statuit
1267 5218 1399 5302 generis
1416 5238 1491 5282 eum
1507 5239 1583 5284 esse

165 5351 295 5423 conset;
330 5346 390 5410 sed
422 5344 533 5427 potius
569 5343 639 5408 eius
668 5340 800 5424 generis
835 5361 909 5406 esse
937 5339 1077 5418 videtur,
1111 5338 1200 5422 quod
1228 5340 1409 5404 Brandtius
1442 5341 1583 5406 mixtum

1413 5457 1429 5510 3
