3962 6150
421 653 462 722 36
1008 623 1243 713 cornuam

422 884 571 970 παροιμία
595 885 657 950 ἐστὶ
672 893 734 963 τοῖς
756 884 907 971 pontioni
928 883 1019 962 κυνὸς
1034 883 1153 968 oliuu·
1172 913 1211 938 =
1228 883 1340 950 Schol.
1353 883 1466 966 Eurip.
1479 883 1530 949 ed.
1542 882 1687 949 Dindorf
1698 887 1721 947 t.
1736 882 1754 946 I
1772 901 1865 964 pag.

424 1007 475 1085 1,1
500 1043 541 1052 -
563 1007 626 1086 hs.
649 1026 723 1089 pag.
746 1006 816 1086 5,1o
838 1043 880 1053 —
902 1006 970 1086 6,9;
994 1005 1107 1070 Schol.
1129 1005 1242 1088 Eurip.
1264 1005 1315 1070 ed.
1339 1005 1509 1072 Schwartz
1525 1003 1576 1072 t.l
1597 1024 1671 1086 pag.
1696 1004 1746 1084 1,2
1764 1039 1817 1050 —
1833 1018 1863 1067 5.

420 1145 494 1208 pag.
510 1126 540 1206 4,
550 1127 681 1210 12-22)
698 1130 731 1192 et
744 1127 1036 1209 Argumentum
1050 1127 1241 1192 Hecubae
1257 1128 1420 1210 evulgato
1434 1126 1586 1194 codicum
1598 1124 1858 1208 antiquiorum,

423 1247 512 1328 quod
535 1248 759 1313 schwartzius
784 1248 892 1313 solum
915 1246 1053 1312 scholiis
1077 1245 1112 1310 in
1134 1247 1306 1312 Hecubam
1327 1247 1489 1330 praefixit,
1515 1246 1705 1312 Dindorfius
1728 1245 1861 1328 primo

421 1367 495 1432 loco
528 1369 657 1450 posuit,
690 1368 873 1451 paullulum
901 1367 1084 1447 diversum,
1113 1368 1174 1433 sed
1202 1368 1306 1433 multo
1335 1368 1442 1451 magis
1471 1367 1640 1432 diversum
1668 1387 1688 1432 a
1717 1364 1858 1430 ceteris

422 1489 626 1570 argumentis
667 1509 686 1554 a
724 1487 895 1554 Dindorfio
936 1487 1034 1552 editis
1132 1488 1227 1569 (incr
1266 1485 1344 1573 μετὰ
1376 1485 1431 1573 τὴν
1462 1493 1517 1552 τοῦ
1551 1486 1627 1552 thino
1654 1483 1860 1571 πολιορκίαν

323 1613 329 1625 ’
422 1609 506 1674 des:
529 1605 708 1695 duobeptvq
730 1609 830 1694 δῆθεν
844 1603 1025 1693 πανούργως
1048 1605 1131 1672 αὐτῶ
1146 1605 1306 1687 ὑποδεῖξαι
1327 1603 1478 1694 χρήματα
1500 1608 1532 1673 ἐν
1555 1606 1683 1691 illut-l.
1707 1608 1855 1672 Textus

419 1729 536 1813 incipit
558 1731 669 1796 medio
693 1731 773 1795 folio
795 1732 867 1809 bill,
897 1729 1045 1812 singulae
1073 1730 1214 1812 paginae
1238 1749 1339 1796 senos
1368 1731 1474 1796 denos
1503 1750 1619 1796 versus
1644 1728 1851 1805 continent;

419 1850 536 1915 eadem
557 1870 659 1916 manu
681 1851 795 1916 addita
810 1855 888 1916 sunt
912 1849 1040 1915 scholia
1061 1849 1097 1913 in
1120 1849 1326 1932 marginibus
1350 1854 1383 1917 et
1404 1850 1493 1917 inter
1513 1851 1638 1928 lineam
1661 1870 1739 1916 raro
1765 1849 1848 1915 alia

420 1990 522 2036 manu
544 1970 615 2036 fere
637 1971 769 2054 aequali
792 1971 956 2053 quaedam
978 1969 1149 2053 adscripta
1172 1974 1259 2036 sunt.

546 2117 715 2201 Euripidis
730 2122 885 2198 textus,
898 2138 997 2201 quem
1012 2119 1095 2184 haec
1110 2118 1191 2183 folia
1207 2117 1377 2196 exhibent,
1390 2117 1460 2181 fere
1475 2116 1560 2182 liber
1576 2120 1628 2181 est
1643 2115 1850 2199 Byzantinis

421 2238 576 2303 sordibus
600 2242 633 2304 et
656 2258 731 2304 cum
747 2239 882 2322 optimis
899 2239 1071 2304 codicibus
1094 2237 1141 2303 ita
1163 2237 1342 2317 consentit,
1365 2241 1401 2302 ut
1424 2237 1525 2302 modo
1550 2256 1624 2301 cum
1646 2237 1711 2302 hoc
1734 2238 1848 2302 modo
1957 2325 1958 2334 ρ

420 2378 494 2423 cum
518 2359 574 2424 illo
597 2359 703 2441 magis
733 2360 842 2440 faciat,
873 2359 933 2424 sed
960 2360 1068 2423 bonas
1096 2357 1292 2441 plerumque
1319 2358 1481 2424 lectiones
1509 2358 1678 2441 praebeat.
1728 2357 1848 2435 Quam

420 2480 557 2543 obrem
587 2478 707 2544 dubius
735 2479 876 2558 haereo,
904 2482 1016 2544 utrum
1038 2499 1113 2543 eum
1137 2479 1351 2560 compilatum
1376 2483 1408 2543 et
1431 2479 1694 2544 contaminatum
1721 2483 1846 2560 putem

418 2620 459 2665 ex
500 2599 600 2664 bonis
639 2600 734 2664 libris
777 2620 893 2665 eorum
935 2619 1110 2682 generum,
1155 2619 1296 2682 quorum
1337 2599 1482 2682 optimos
1520 2597 1673 2664 Prinzius
1710 2599 1745 2662 in
1784 2598 1844 2663 ed.

416 2719 573 2785 Hecubae
600 2721 630 2784 A
653 2721 734 2786 etB
763 2725 870 2800 vocat,
899 2723 1071 2802 assumpto
1101 2719 1270 2785 interdum
1298 2719 1408 2802 aliquo
1433 2740 1508 2784 cum
1530 2719 1584 2784 LG
1611 2723 1764 2802 cognato,
1793 2737 1844 2784 an

417 2840 601 2906 derivatum
630 2861 671 2906 ex
698 2843 849 2924 perbono
877 2842 988 2925 aliquo
1017 2845 1051 2906 et
1076 2840 1310 2924 antiquissimo
1339 2841 1441 2920 libro,
1472 2840 1564 2905 cuius
1598 2838 1740 2922 vestigia
1768 2840 1842 2905 alia
1957 2831 1958 2834 '

418 2980 487 3025 non
511 2964 654 3026 exstant.

545 3099 714 3165 Scholia
730 3102 809 3164 sunt
824 3102 981 3181 excerpta
995 3119 1036 3164 ex
1052 3099 1510 3181 Thomano-inoschopuleis,
1527 3100 1596 3163 fere
1613 3099 1837 3182 congruentia
1956 3167 1957 3186 ,

418 3237 493 3283 cum
521 3219 585 3299 eis,
614 3239 699 3302 quae
727 3218 918 3284 Dindorfius
948 3239 989 3284 ex
1018 3220 1133 3284 codice
1161 3220 1419 3304 Guelferbytano
1449 3219 1627 3302 exscripsit
1657 3223 1690 3285 et
1712 3219 1838 3286 litteris

417 3339 467 3405 Gu
489 3345 523 3405 et
545 3340 590 3405 Gr
613 3341 751 3406 notavit.

545 3518 577 3588 2.
622 3521 677 3584 lol.
706 3520 880 3584 54—139:
914 3521 1127 3604 Euripidis
1157 3522 1324 3587 Hecuba
1350 3522 1428 3586 inde
1457 3542 1478 3586 a
1505 3541 1534 3585 v.
1563 3522 1627 3586 900
1652 3540 1758 3604 usque
1787 3521 1832 3586 ad

414 3641 524 3720 finem,
553 3641 723 3706 Orestes
753 3642 882 3723 integra
910 3640 980 3722 (fol.
1008 3642 1227 3725 661-110V),
1255 3643 1511 3708 Phoenissae
1538 3662 1567 3708 v.
1599 3642 1754 3706 1-1083
1785 3641 1833 3724 (ἓν

416 3760 482 3824 εἰπὲ
504 3757 580 3845 πρὸς
602 3759 687 3825 θεῶν
708 3760 783 3824 εἴτι
804 3758 1004 3837 πολιῖνείκους
1025 3760 1117 3846 πὲρι),
1148 3763 1183 3826 in
1207 3764 1323 3829 charta
1351 3763 1505 3828 orientali
1528 3783 1629 3828 manu
1653 3782 1738 3828 saec.
1760 3762 1835 3827 XIV
1955 3841 1956 3860 ρ

417 3881 552 3964 scripta.
595 3882 759 3947 Fasciculi
782 3886 859 3948 sunt
880 3883 1036 3948 undecim
1064 3884 1302 3967 quaterniones
1330 3889 1464 3968 praeter
1490 3904 1617 3949 nonum
1639 3887 1673 3948 et
1693 3882 1833 3948 undeci-

416 4023 523 4082 mum,
553 4002 609 4085 qui
639 4003 787 4085 septenis
815 4003 904 4068 foliis
939 4008 1105 4069 constant.
1154 4005 1318 4070 Fasciculi
1346 4006 1484 4071 secundi
1517 4005 1597 4070 folia
1630 4004 1765 4069 tertium
1799 4008 1833 4068 et
1955 4037 1956 4046 .

416 4127 570 4206 quartum
593 4122 849 4203 interciderunt,
877 4124 912 4189 in
941 4145 1057 4190 eorum
1085 4126 1197 4190 locum
1224 4127 1289 4191 duo
1319 4125 1399 4190 folia
1427 4126 1562 4190 chartae
1584 4124 1729 4207 vulgaris
1754 4143 1832 4206 sup-

414 4242 526 4325 posita
560 4248 652 4324 sunt,
687 4263 829 4326 quorum
856 4244 949 4326 prius
978 4245 1048 4327 (fol.
1078 4246 1133 4329 64)
1160 4266 1261 4310 manu
1291 4245 1414 4311 saeculi
1441 4245 1512 4309 XVI
1541 4245 1666 4327 scripta
1696 4244 1834 4309 exhibet

411 4364 662 4446 Argumenta
689 4368 803 4430 vetera
831 4366 865 4429 in
895 4367 1098 4446 Orestem,
1133 4387 1216 4449 quae
1250 4366 1339 4448 apud
1371 4365 1579 4429 Dindorfium
1608 4368 1686 4430 sunt
1714 4365 1749 4429 in
1779 4364 1830 4430 ed.

414 4482 619 4548 scholiorum
641 4484 677 4547 in
700 4485 776 4550 Eur.
799 4486 863 4550 vol.
879 4483 997 4569 Hpag.
1015 4487 1109 4566 3-6,
1132 4487 1221 4569 apud
1236 4485 1477 4551 Schwartzium
1498 4485 1591 4550 vol.I
1613 4506 1687 4568 pag.
1704 4487 1754 4550 92.
1778 4486 1829 4564 93,

415 4604 474 4667 sed
497 4603 615 4668 ordine
637 4605 853 4671 articulorum
875 4606 1046 4690 paululum
1069 4611 1207 4689 mutato,
1230 4610 1263 4671 et
1286 4605 1421 4670 omissis
1444 4606 1555 4670 verbis
1578 4601 1828 4690 Ἀριστοφάνους·

411 4720 560 4807 Ὀρέστης
582 4722 633 4787 διὰ
653 4724 711 4810 τὴν
731 4725 786 4810 τῆς
802 4725 917 4812 μητρὸς
938 4777 1020 4793 ....
1043 4735 1143 4791 κοῖται
1164 4724 1186 4812 ἡ
1208 4725 1379 4813 μυθοποιία
1401 4726 1515 4808 (Dind.
1538 4747 1612 4809 pag.
1634 4727 1828 4806 4‚14-5,4;

416 4844 585 4909 Schwartz
607 4866 681 4928 pag.
704 4847 873 4930 een-4).
916 4847 1067 4913 Alterum
1092 4847 1208 4913 folium
1231 4846 1301 4929 (fol.
1325 4847 1379 4930 65)
1402 4847 1568 4931 scriptura
1591 4852 1689 4914 caret.

541 4999 679 5066 Praeter
701 5000 784 5066 illud
812 4999 928 5066 folium
951 5002 993 5066 64
1019 5005 1139 5084 postea
1166 5001 1329 5067 insertum
1359 5006 1470 5068 cetera
1499 5002 1612 5068 omnia
1638 5001 1718 5085 (nisi
1740 5002 1828 5086 quod

414 5121 541 5186 scholia
569 5122 731 5187 nonnulla
761 5123 842 5187 satis
871 5143 946 5188 raro
970 5142 990 5186 a
1013 5121 1141 5203 duabus
1171 5122 1245 5188 aliis
1282 5125 1437 5190 manibus
1461 5123 1575 5189 addita
1598 5125 1689 5208 sunt)
1713 5125 1828 5189 eadem

412 5262 514 5308 manu
543 5243 668 5326 scripta
697 5247 790 5324 sunt,
820 5248 852 5309 et
878 5247 989 5309 textus
1019 5248 1052 5308 et
1081 5243 1211 5310 scholia
1237 5246 1273 5310 in
1301 5246 1508 5328 marginibus
1538 5250 1571 5311 et
1598 5245 1686 5309 inter
1711 5245 1826 5310 lineas

413 5365 576 5430 Versuum
610 5384 768 5429 numerus
798 5363 832 5428 in
856 5384 986 5448 quaque
1007 5365 1129 5448 pagina
1152 5370 1204 5431 est
1228 5367 1276 5433 19.
1321 5367 1519 5433 Phoenissis
1542 5366 1729 5449 praemissa
1752 5369 1828 5433 sunt
