3962 6150
461 1241 782 1336 PHILOLOGIS
813 1241 1108 1336 GORLIGIVM
1138 1241 1514 1335 OONVENTVRIS

381 1501 685 1596 sivimus
714 1501 1291 1597 VRATISLAVIENSIS
1332 1501 1601 1595 SENATVS

842 1760 1130 1858 SALVTEM

417 2072 473 2186 In
508 2115 643 2188 urbem
674 2113 895 2188 Silesiacam
928 2118 1186 2187 conventuros
1215 2113 1295 2185 Vos
1331 2113 1438 2185 decet
1464 2111 1620 2185 salutari
1647 2113 1695 2184 ab

283 2272 328 2326 ca
354 2255 460 2343 urbe,
497 2275 594 2346 quae
626 2253 666 2326 in
700 2255 773 2327 hac
806 2253 1003 2346 provincia
1036 2274 1116 2325 non
1149 2253 1267 2325 modo
1302 2251 1592 2344 magistratuum
1626 2251 1695 2322 sed

282 2390 394 2464 etiam
421 2391 630 2466 litterarum
658 2393 772 2466 sedes
801 2397 861 2465 est
886 2391 1104 2485 praecipua.
1157 2390 1544 2464 Aristocratissimam
1561 2392 1695 2463 urbem

280 2530 546 2604 Vratislaviam
575 2532 665 2605 olim
692 2532 843 2605 vocavit
856 2533 1087 2624 Praeceptor
1103 2530 1339 2621 Germaniae,
1368 2531 1472 2623 quod
1491 2530 1579 2603 eius·
1592 2529 1693 2602 cives

281 2674 317 2742 et
360 2670 607 2763 magistratus
654 2671 863 2745 litterarum
900 2676 937 2744 et
979 2672 1170 2744 bonarum
1206 2669 1344 2742 artium
1380 2689 1512 2742 amore
1555 2668 1694 2760 insigni

279 2809 536 2884 inflammatos
576 2810 827 2903 intellegebat.
883 2811 958 2884 Sed
990 2811 1024 2883 is
1053 2831 1163 2883 amor
1190 2810 1303 2883 etiam
1334 2813 1473 2901 postea
1498 2830 1694 2898 nunquam

279 2948 481 3022 restinctus
511 2954 580 3028 est.
636 2951 710 3023 Per
744 2949 873 3023 omnia
906 2950 1002 3023 baec
1038 2949 1193 3022 saecula
1226 2947 1356 3021 civitas
1383 2947 1692 3021 Vratislaviensis

277 3087 485 3163 litterarum
515 3058 656 3162 ¹studiis
685 3089 855 3162 colendis
885 3093 921 3161 et
953 3087 1227 3181 promovendis
1261 3087 1331 3161 fuit
1364 3087 1519 3162 intenta.
1574 3085 1691 3160 Cuius

278 3227 333 3298 rei
359 3228 577 3301 testimonia
605 3233 697 3301 sunt
723 3228 880 3301 scholae
915 3228 1054 3301 bacin
1080 3229 1174 3301 urbe
1201 3228 1396 3317 florentes
1431 3224 1692 3299 testimonium

279 3370 338 3438 est
369 3366 596 3440 bibliotheca
630 3367 762 3442 urbica
788 3367 956 3441 cuiusvis
993 3367 1143 3459 generis
1178 3365 1283 3439 libris
1320 3364 1631 3458 locupletissima,
1669 3388 1692 3437 a

279 3503 421 3577 civibus
449 3504 812 3579 Vratislaviensibus
855 3505 1008 3580 condita
1047 3510 1083 3578 et
1118 3510 1239 3578 aucta.
1294 3505 1425 3598 Itaque
1462 3526 1559 3597 quae
1593 3504 1691 3577 inter

276 3644 411 3716 urbem
445 3647 622 3718 nostram
659 3649 695 3717 et
731 3645 857 3719 studia
889 3645 1027 3718 Vestra
1062 3645 1270 3718 intercedat
1305 3645 1401 3718 ratio
1438 3665 1519 3717 non
1553 3644 1688 3718 melius

277 3784 543 3858 demonstrare
587 3806 710 3877 posse
754 3784 866 3857 nobis
911 3785 984 3858 visi
1030 3806 1177 3874 sumus
1224 3807 1339 3877 quam
1383 3785 1459 3857 hoc
1503 3783 1686 3875 Catalogo

127 3933 134 3955 ·
274 3921 458 3995 librorum
502 3923 853 4016 manuscriptorum
893 3923 1145 4013 Graecorum,
1185 3924 1249 4016 qui
1290 3923 1517 3996 bibliotheca
1552 3927 1688 3996 nostra

276 4062 526 4153 continentur,
560 4086 584 4137 a
610 4063 701 4137 viris
738 4063 859 4137 doctis
889 4063 1031 4137 civibus
1067 4062 1212 4137 nostris
1247 4064 1420 4137 confecto
1448 4061 1566 4134 Vobis
1596 4062 1685 4134 offe-

274 4201 407 4290 rendo,
454 4223 567 4294 quem
602 4207 644 4276 ut
687 4203 848 4295 benigne
893 4202 1084 4295 accipiatis
1122 4203 1285 4294 petimus
1323 4206 1359 4274 et
1402 4205 1444 4274 ut
1477 4201 1686 4274 litterarum

274 4339 409 4411 studiis
438 4340 566 4414 utilem
594 4340 740 4415 ducatis
770 4346 960 4434 optamus,
1013 4342 1155 4414 Valete.

401 4578 676 4648 Vratislaviae
699 4601 815 4648 mense
837 4580 1026 4668 Septembri
1048 4600 1077 4648 a.
1101 4581 1134 4646 h.
1158 4600 1183 4644 s.
1208 4586 1386 4644 Lxxxvnss.
