3962 6150
988 627 1054 684 Cod.
1072 629 1161 684 Rehd.
1178 627 1221 685 lo.

525 858 683 927 Textus
711 857 869 924 carminis
899 859 949 924 Ol.
972 859 985 924 l
1008 864 1041 925 et
1064 860 1115 926 Ol.
1137 860 1291 939 ll,1-—ao
1315 860 1463 925 concinit
1488 880 1564 926 cum
1585 861 1839 927 Ambrosiano

399 979 690 1060 praestantissimo
721 978 746 1043 C
773 981 835 1044 888
869 979 927 1044 inl.
957 979 1026 1063 (qni
1054 981 1275 1046 Mommsenio
1305 987 1356 1046 est
1382 982 1440 1064 A);
1474 981 1552 1046 inde
1579 983 1621 1048 ab
1652 983 1703 1048 Ol.
1731 983 1778 1061 ll,
1797 996 1836 1040 81

397 1103 508 1166 textus
532 1103 583 1163 est
598 1099 775 1180 pessimus,
800 1100 945 1166 familiae
961 1101 1078 1166 tertiae
1095 1101 1378 1166 Triclinianorum
1401 1102 1689 1184 interpolatorum,
1713 1122 1838 1186 quam

400 1221 516 1286 statuit
541 1221 728 1286 Mommsen
757 1221 858 1308 (conf.
886 1223 1086 1286 Mommseni
1116 1223 1166 1286 ed.
1195 1242 1304 1304 magn.
1333 1243 1407 1305 pag.
1430 1223 1562 1288 XXXIV
1591 1228 1660 1288 not.
1686 1225 1757 1302 116,
1791 1227 1835 1286 et

399 1363 472 1424 pag.
496 1342 553 1406 XII
576 1346 645 1406 not.
668 1343 710 1424 8),
735 1343 794 1405 sed
818 1361 914 1420 „raro
939 1343 1039 1408 etiam
1062 1343 1097 1407 in
1120 1343 1256 1426 reliquis
1280 1343 1441 1426 Olympiis
1470 1344 1610 1425 vestigia
1635 1348 1832 1427 praestan-

398 1463 522 1526 tissimi
551 1462 719 1544 archetypi
749 1467 921 1544 apparent,
949 1468 985 1529 ut
1013 1465 1051 1528 Ο.
1079 1464 1233 1541 Vlll,65“.
1279 1465 1450 1529 Scholia
1475 1466 1520 1529 ad
1549 1465 1599 1530 Ol.
1622 1465 1747 1529 l-XII
1769 1464 1830 1528 ad

401 1582 536 1645 verbum
566 1581 780 1646 consentiunt
809 1601 884 1647 cum
913 1583 1051 1648 scholiis
1081 1584 1205 1648 codicis
1227 1584 1442 1648 Ambrosiam
1471 1584 1540 1667 (qui
1569 1605 1638 1649 non
1662 1585 1828 1649 continet

399 1703 464 1766 nisi
488 1703 616 1785 Olymp.
639 1703 778 1784 1-X11);
803 1702 931 1767 scholia
953 1704 996 1767 ad
1019 1705 1069 1768 Ol.
1092 1705 1172 1768 Xlll.
1195 1705 1267 1769 XIV
1290 1709 1368 1769 sunt
1389 1705 1521 1786 generis
1545 1705 1753 1780 Tricliniani,
1770 1705 1824 1768 de

399 1844 463 1907 quo
487 1823 575 1887 inira
596 1823 639 1886 ad
655 1823 728 1887 cod.
742 1823 769 1886 ll
785 1823 922 1888 dicetur.
968 1824 1209 1889 Glossarum
1232 1825 1496 1891 interlinearium
1520 1827 1691 1909 specimen
1708 1827 1821 1891 edidit

399 1944 533 2008 Boeckh
561 1947 584 2006 t.
612 1943 640 2006 ll
660 1964 734 2025 pag.
757 1944 799 2006 49
823 1964 895 2026 sqq.
942 1944 1099 2008 Codicem
1130 1947 1359 2028 apographum
1388 1967 1463 2011 esse
1490 1946 1567 2011 libri
1596 1947 1817 2011 Ambrosiani

398 2069 513 2130 censet
534 2066 737 2139 Mommsen3
760 2084 802 2128 an
827 2067 926 2142 recte,
950 2085 1018 2129 non
1040 2065 1154 2148 liquet.

525 2201 757 2266 Boeckhius
780 2202 870 2265 hunc
887 2203 1045 2283 codicem,
1062 2223 1160 2286 quem
1178 2204 1281 2268 Vrat.
1296 2204 1326 2267 A
1340 2208 1447 2283 vocat,
1464 2205 1506 2268 ad
1523 2197 1651 2269 scholia
1666 2204 1812 2268 maxime

398 2323 633 2387 constituenda
661 2322 827 2398 adhibuit;
857 2327 967 2387 textus
998 2323 1212 2387 collationem
1241 2323 1369 2405 accepit
1396 2344 1415 2388 a
1438 2324 1664 2389 Schummelio
1689 2329 1721 2388 et
1749 2325 1809 2402 „ab

398 2445 463 2509 alio
498 2445 650 2508 auditore
683 2443 849 2522 erudito“,
884 2445 1089 2509 scholiorum
1127 2444 1355 2526 apographum
1392 2444 1434 2508 ab
1471 2445 1627 2508 Eduardo
1662 2444 1811 2509 Gerhard

398 2565 505 2646 (cuius
529 2563 710 2646 descriptio
735 2564 860 2628 codicis
884 2567 935 2629 est
958 2566 1046 2648 apud
1069 2565 1274 2630 Boeckhium
1296 2568 1318 2628 t.
1335 2566 1362 2628 ll
1383 2585 1457 2647 pag.
1474 2566 1514 2629 lll
1538 2567 1616 2649 sq,);
1638 2570 1812 2648 praeterea

397 2705 478 2748 usus
508 2690 559 2749 est
586 2684 608 2748 l.
637 2685 673 2748 G.
704 2685 902 2749 Schneideri
931 2686 1107 2767 excerptis.
1159 2684 1254 2749 Conf.
1285 2685 1336 2749 ed.
1370 2686 1514 2750 Boeckh.
1543 2690 1565 2749 t.
1593 2686 1607 2749 l
1639 2706 1712 2768 pag.
1741 2686 1809 2750 XX.

396 2826 470 2888 pag.
493 2806 565 2868 581.
588 2809 611 2868 t.
634 2806 660 2868 ll
682 2825 755 2886 pag.
778 2805 828 2869 lll.
852 2806 887 2870 V.
933 2808 1048 2890 Tycho
1071 2806 1257 2869 Mommsen
1283 2825 1357 2868 cum
1381 2805 1541 2887 quidquid
1562 2805 1644 2870 boni
1668 2805 1702 2869 in
1723 2806 1809 2870 libro

396 2925 645 2990 Vratislaviensi
675 2930 726 2990 est
754 2925 788 2988 iu
815 2925 953 2991 meliore
981 2931 1014 2992 et
1041 2925 1223 2991 vetustiore
1252 2926 1476 2990 Ambrosiauo
1504 2926 1725 3008 repperisset,
1756 2946 1810 2990 co-

397 3045 505 3109 dicem
531 3045 660 3109 Vratisl.
685 3065 754 3109 non
778 3045 913 3111 curavit.
959 3048 1026 3112 Sed
1050 3048 1128 3111 dum
1153 3046 1281 3111 scholia
1302 3045 1528 3111 Ambrosiana
1558 3035 1683 3111 inedita
1704 3047 1811 3111 latent

397 3165 590 3248 (particulas
607 3166 697 3231 enim
713 3167 946 3231 tantummodo
970 3167 1080 3231 attulit
1101 3167 1341 3232 Mommsenius
1364 3167 1399 3230 in
1415 3167 1652 3231 Annotationis
1677 3167 1810 3232 criticae

397 3287 627 3369 supplemento
662 3287 704 3350 ad
737 3287 874 3351 Pindari
909 3287 1094 3369 Olympias,
1128 3288 1238 3353 Berol.
1275 3289 1365 3366 1864,
1400 3287 1539 3351 editioni
1567 3287 1694 3370 addito)
1723 3289 1811 3352 haud

397 3407 523 3471 inutilis
556 3407 618 3471 erit
652 3407 752 3472 etiam
786 3407 1095 3472 Vratislaviensium
1129 3407 1315 3472 accuratior
1350 3407 1494 3489 cognitio
1530 3427 1628 3490 quam
1658 3428 1742 3490 quae
1770 3429 1810 3472 ex

396 3507 556 3592 Boeckhii
586 3527 733 3591 editione
763 3527 835 3609 capi
863 3531 984 3608 potest.
1028 3528 1146 3591 Fidum
1175 3528 1404 3610 apographum
1432 3527 1637 3591 scholiorum
1666 3529 1701 3591 in
1724 3529 1811 3592 Oll

397 3653 430 3712 et
452 3650 478 3712 ll
501 3648 604 3713 edidit
634 3648 669 3713 C.
693 3648 729 3712 Ε.
755 3647 831 3712 Chr.
857 3648 1042 3712 Schneider
1070 3648 1105 3711 in
1133 3653 1379 3730 programmate
1408 3649 1497 3713 univ.
1526 3650 1614 3713 Vrat.
1641 3649 1721 3712 1843
1746 3669 1810 3731 quo

398 3768 485 3832 diem
520 3769 665 3833 natalem
696 3767 783 3849 regis
819 3768 1055 3832 celebrandum
1089 3766 1226 3846 indixit;
1263 3769 1352 3834 idem
1388 3769 1521 3851 repetiit
1554 3769 1589 3832 in
1621 3769 1810 3850 Apparatus

396 3889 565 3952 Pindarici
594 3888 834 3970 Supplemento
869 3890 957 3953 Vrat.
995 3890 1077 3953 1844
1103 3909 1176 3972 pag.
1205 3891 1246 3952 46
1270 3910 1340 3972 sqq.
1396 3889 1522 3953 Ibidem
1554 3909 1628 3970 pag.
1663 3889 1704 3952 33
1739 3910 1811 3972 sqq.

395 4013 506 4074 textus
531 4009 679 4073 omnium
702 4008 932 4090 Olympiorum
956 4009 1170 4073 collationem
1194 4030 1268 4074 cum
1292 4009 1439 4074 editione
1462 4009 1635 4092 Heyniana
1656 4010 1810 4091 vulgavit.

439 4211 489 4279 11.
524 4214 579 4279 fol.
604 4213 787 4278 rac-aaa:
817 4214 985 4278 Sanoua
1008 4215 1240 4281 insinuari
1264 4215 1459 4300 Olympia.
1505 4175 1591 4280 Sunt
1615 4217 1654 4280 m
1678 4221 1810 4300 quater-

397 4335 527 4413 niones,
558 4335 617 4398 sed
644 4334 852 4416 bibliopegae
882 4336 978 4418 culpa
1003 4357 1180 4419 perperam
1210 4336 1389 4417 coniuncti,
1419 4336 1465 4400 ita
1487 4339 1533 4414 ut,
1550 4337 1619 4419 ¹qui
1642 4337 1810 4402 debebant

389 4455 522 4519 ‘codicis
547 4475 620 4519 esse
644 4454 807 4520 fasciculi:
1970 4419 1973 4574 ἱ

644 4593 1597 4659 183456789101118

1004 4731 1198 4795 nuncsiut:

643 4851 1597 4915 789101811345618

904 4987 957 5050 vel
979 4987 1081 5053 totius
1104 4988 1300 5051 voluminis:

616 5107 659 5170 84
689 5091 743 5170 ’85
787 5108 828 5170 86
873 5108 913 5171 87
960 5108 998 5170 18
1046 5109 1084 5170 19
1127 5109 1169 5172 88
1213 5109 1258 5172 89
1298 5109 1337 5172 81
1383 5110 1424 5172 88
1468 5109 1509 5172 83
1554 5109 1595 5172 89

394 5229 496 5307 Folia,
519 5231 556 5292 ut
579 5230 689 5292 rectus
714 5227 796 5290 ordo
821 5229 1024 5306 restituatur,
1050 5227 1098 5290 sic
1120 5229 1374 5310 transponenda
1397 5233 1489 5293 sunt:
1519 5229 1598 5292 folia
1623 5229 1810 5294 186-817.

396 5349 572 5413 138-153.
595 5348 775 5413 818-886.
802 5348 978 5412 tol-185.
1001 5349 1180 5414 886-833.
1230 5351 1321 5415 Haec
1350 5369 1418 5414 nou
1441 5348 1612 5431 perspexit
1634 5348 1810 5414 Eduardus
