3962 6150
849 599 917 654 God.
935 599 1064 654 llrideric.
1085 599 1109 653 S.
1326 658 1329 666 ,
1647 599 1692 664 85

275 821 304 878 td
320 822 362 892 cst
376 822 498 894 lurculcs
510 841 589 880 πιοτα
602 829 719 893 φρονέων
737 821 835 896 αὐτοῖς,
852 824 935 895 ἤγουν
952 824 1055 882 amictu
1071 824 1167 894 euscio
1183 841 1231 880 και
1248 821 1280 878 iu
1293 829 1337 878 tta
1356 825 1445 893 μάχης
1463 824 1507 878 cdv
1519 828 1581 879 cett.
1617 824 1694 878 Atra·

275 928 362 982 menti
381 929 458 982 color
480 929 510 984 in
531 946 633 998 magna
650 935 728 999 parte
752 931 854 985 codicis
878 931 949 984 adeo
971 931 1091 999 pallidus
1116 935 1166 995 est,
1188 935 1219 985 ut
1237 930 1398 986 difficillime
1421 930 1574 986 litterarum
1597 930 1695 984 ductus

277 1037 487 1102 cognoscantur.

400 1171 496 1225 Insunt
514 1171 542 1226 in
561 1172 668 1227 codice:

400 1293 652 1362 Prolegomena
669 1294 703 1347 in
721 1293 904 1350 Pindarum
923 1299 955 1349 et
974 1295 1115 1349 Scholia
1137 1295 1170 1349 in
1188 1295 1327 1350 Pindari
1347 1295 1505 1365 Oly-‚apia
1524 1300 1556 1349 et
1573 1295 1697 1364 Pythia

277 1397 378 1452 I-IV.

399 1503 431 1554 ln
455 1501 545 1556 fronte
567 1502 652 1556 totius
676 1502 778 1558 codicis
803 1503 861 1573 (fol.
884 1504 928 1574 gr)
952 1505 1166 1574 superscriptum
1190 1509 1245 1558 est:
1279 1507 1351 1570 „roi
1379 1503 1573 1572 σοηωτοίτοο
1596 1505 1696 1570 capa:

280 1623 336 1659 τοο
355 1609 540 1676 μαγίοτροο
559 1609 606 1672 εἰς
624 1611 781 1675 πίνδαρον
799 1605 943 1674 οχόλια.“

402 1746 560 1814 Sequuntur
578 1747 823 1814 prolegomena
841 1746 922 1800 haec:

403 1866 430 1924 1.
466 1867 742 1936 lotan-mma:
766 1867 915 1922 Thomae
939 1867 1093 1935 Magistri
1115 1867 1353 1923 vitaPindari.
1390 1867 1562 1922 Sinetitulo.
1632 1868 1697 1922 inc:

279 1972 439 2040 <το>ίνδαρος
465 1988 496 2023 το
525 1987 571 2038 μιν
597 1960 674 2039 γτνοέ
695 1972 809 2038 indutos
879 1973 950 2026 des:
973 1968 1134 2036 ἀποστείλας
1156 1972 1208 2040 γὰρ
1233 1971 1310 2036 οὗτος
1332 1971 1416 2040 equos
1432 1970 1463 2026 ia
1485 1971 1611 2042 olympici,
1633 1971 1699 2026 uicit

279 2078 397 2142 κέλλητι.
416 2095 449 2122 =
467 2074 589 2138 Boeclrh
608 2076 650 2128 ed.
668 2075 747 2130 Piud.
766 2081 784 2131 t.
804 2077 828 2129 Π
846 2093 908 2145 pag.
927 2077 945 2128 4
962 2093 1012 2144 sq..
1031 2077 1175 2132 Westerm.
1194 2075 1285 2144 Biogr.
1304 2093 1365 2145 pag.
1385 2078 1419 2130 98
1437 2094 1478 2145 sq.

404 2197 431 2255 2.
467 2194 516 2251 fol.
543 2197 580 2249 av
608 2213 667 2266 sup.
687 2227 719 2236 -
737 2198 772 2250 51
794 2198 879 2252 med:
911 2197 989 2251 Vita
1015 2197 1156 2251 Pindari
1183 2198 1334 2251 metrica.
1376 2198 1441 2252 Sine
1468 2198 1556 2252 titulo.
1632 2198 1698 2253 inc:

281 2303 441 2370 <π>ίνδαρον
459 2299 598 2370 ὑψαγόρην
668 2302 739 2355 des:
758 2304 929 2369 reuerentior
948 2305 1079 2356 ἐνιαυτῶν.
1098 2324 1131 2349 =
1150 2301 1271 2357 Boeclxh.
1289 2303 1307 2357 l.
1327 2320 1349 2358 c.
1367 2320 1430 2372 pag.
1449 2304 1520 2371 6sq.
1554 2304 1700 2357 Westerm.

280 2406 371 2474 Biogr.
390 2423 452 2476 pag.
471 2407 505 2460 94
523 2421 565 2476 sq.

402 2529 429 2586 3.
466 2529 514 2582 iol.
533 2528 1001 2583 armed.—5v1ned.:Versus
1026 2529 1065 2582 dc
1083 2543 1204 2582 novem
1222 2527 1350 2596 lyricis.
1386 2529 1451 2584 Sine
1469 2530 1558 2584 titulo.
1628 2532 1700 2585 inc:

280 2634 390 2703 <ὲ>ννέα
407 2636 459 2688 τῶν
476 2633 586 2700 πρώτων
655 2633 727 2687 des:
746 2636 857 2700 οωρίδος
876 2630 1011 2701 ἁρμονίης,
1029 2655 1063 2682 =
1081 2633 1202 2688 Boeclrh.
1219 2634 1239 2688 l.
1257 2634 1275 2688 l.
1294 2651 1356 2703 pag.
1375 2636 1399 2689 8.

399 2755 429 2812 ir.
465 2754 514 2808 fol.
541 2755 578 2808 5v
604 2755 676 2807 med.
695 2783 728 2792 -
747 2756 781 2807 61
807 2770 879 2823 supr
914 2754 1051 2807 scholium
1080 2754 1109 2807 in
1140 2755 1346 2823 inscriptionem
1381 2755 1500 2825 Olympii
1530 2757 1550 2811 l.
1632 2756 1699 2811 inc:

280 2861 463 2929 <γ>έγραπται
479 2856 493 2911 ὁ
508 2861 632 2922 ἐπινίκιος
649 2862 735 2925 repca
805 2859 876 2912 des:
895 2853 1077 2926 ἀελλόδρομον
1094 2859 1213 2916 νικῶντα.
1225 2884 1259 2908 =
1271 2861 1392 2916 Boeclrh.
1406 2861 1424 2918 1.
1437 2863 1455 2916 l.
1468 2879 1529 2932 pag.
1543 2863 1698 2925 illl-22.

402 2980 429 3038 5.
466 2981 513 3035 fol.
532 2982 566 3035 6r
584 2997 643 3049 sup.
657 2980 739 3032 -8ν
758 2996 830 3048 sup:
855 2980 1046 3050 descriptio
1065 2985 1250 3036 metrorum
1270 2982 1418 3053 Olympii
1435 2985 1447 3038 l
1465 2984 1698 3052 Tricliniana,

280 3103 351 3156 quae
364 3090 407 3140 est
419 3086 493 3154 apud
505 3084 676 3140 Boeckhium
688 3100 751 3153 pag.
768 3085 799 3137 18
808 3085 876 3148 -20,
889 3085 1048 3153 praemissis
1060 3086 1152 3140 verbis
1171 3087 1290 3156 <ἰ>στέον
1308 3086 1349 3142 ὅτι
1367 3092 1392 3144 οἱ
1407 3091 1510 3156 lupiani
1529 3094 1591 3143 cett.
1612 3104 1699 3158 usque

281 3192 315 3245 ad
335 3184 454 3244 ὲτωδικοὶ
477 3189 611 3257 pecuniali
629 3192 677 3241 καὶ
699 3187 871 3256 παλτνῳδικοὶ.
889 3188 1020 3257 (Boeclxh.
1044 3207 1107 3258 pag.
1128 3191 1289 3262 11‚4-14)‚
1308 3197 1335 3247 et
1353 3193 1497 3247 subiuncta
1515 3194 1544 3248 iu
1561 3195 1616 3248 fine
1636 3196 1698 3250 suh·

281 3295 431 3365 scriptione
454 3296 489 3348 ad
513 3294 674 3348 Triclinium
697 3293 852 3362 pertinente
875 3292 914 3346 ὃτι
937 3294 970 3346 τὰ
992 3299 1130 3363 γραφέντα
1151 3299 1211 3362 περὶ
1234 3299 1285 3349 τῶν
1308 3301 1410 3365 μέτρων
1428 3303 1490 3352 cett.
1562 3301 1633 3353 des:
1652 3303 1700 3354 aut

280 3403 366 3454 ταῦτα
383 3402 429 3452 τοῦ
448 3395 529 3452 αὐτοῦ
549 3402 610 3453 ἐστὶ,
629 3398 672 3468 (=
690 3398 812 3452 Boeclrh.
831 3415 892 3466 pag.
911 3399 936 3462 3,
945 3399 1048 3469 7-14).
1083 3400 1181 3467 ltaque
1198 3401 1269 3454 haec
1286 3402 1369 3470 plane
1388 3419 1450 3458 cum
1468 3404 1541 3458 Vrat
1561 3404 1581 3458 C
1600 3404 1698 3474 (Rehd.

279 3507 323 3569 lo,
342 3505 366 3560 ll
385 3504 561 3559 consentiunt
579 3503 613 3573 (v.
632 3520 716 3572 supra
733 3519 794 3572 pag.
813 3503 847 3557 52
866 3502 926 3572 sq.).

401 3610 470 3664 Inde
488 3627 505 3662 a
523 3609 570 3664 iol.
590 3610 625 3664 8v
644 3625 702 3678 sup.
722 3611 875 3676 sequuntur
894 3606 1042 3662 Scholia.

403 3713 547 3772 Scholia
564 3713 597 3768 in
617 3712 774 3781 Olympia
792 3711 916 3766 eiusdem
935 3711 1043 3780 generis
1067 3715 1132 3766 sunt
1154 3715 1237 3782 atque
1256 3712 1478 3770 Vratislaviensis
1497 3715 1517 3771 C
1541 3717 1598 3786 (qui
1617 3717 1698 3772 nohis

280 3825 322 3874 est
344 3819 434 3872 Rehd.
451 3819 494 3880 40,
513 3817 555 3888 II),
579 3817 608 3872 id
631 3821 674 3870 est
691 3816 1077 3870 Thomauotricliniana
1100 3832 1172 3870 cum
1198 3817 1458 3886 Moschopuleis
1485 3821 1591 3876 mixta
1615 3823 1697 3893 (conf.

281 3940 363 3992 supra
385 3940 448 3992 pag.
471 3923 528 3994 51);
556 3922 648 3976 differt
674 3922 762 3975 codex
788 3920 988 3975 Fridericianus
1016 3937 1033 3973 a
1058 3920 1253 3988 Rehdigerano
1281 3938 1315 3976 ea
1338 3939 1376 3986 re,
1400 3926 1475 3992 quod
1498 3926 1696 3994 descriptiones

280 4032 429 4082 metrorum
447 4043 516 4089 nou,
535 4026 645 4090 atille,
669 4025 775 4089 omisit,
800 4026 850 4078 sed
873 4025 985 4078 exhibet
1006 4024 1141 4092 integras,
1165 4026 1278 4092 deinde,
1302 4028 1377 4097 quod
1395 4029 1567 4098 Moschopuli
1592 4031 1698 4086 scholia

281 4131 434 4188 accuratius
454 4148 537 4200 quarn
554 4131 583 4185 in
605 4130 655 4186 illo
680 4130 784 4184 factum
807 4135 849 4184 est
873 4146 953 4184 cruce
975 4130 1098 4198 praelixa
1121 4131 1242 4185 denotat.
1278 4132 1346 4186 Inde
1365 4149 1381 4186 a
1399 4132 1454 4186 fine
1474 4133 1517 4188 Ol.
1535 4135 1573 4189 Ill
1591 4137 1698 4190 scholia

279 4237 477 4306 Moschopulea
496 4236 599 4290 omissa
617 4239 681 4290 sunt
697 4234 745 4300 ita,
762 4239 793 4290 ut
810 4235 943 4289 lemmata
959 4238 1066 4288 tantum
1085 4239 1168 4303 atque
1186 4235 1275 4304 prima
1291 4236 1377 4290 verba
1395 4237 1563 4292 scholiorum
1586 4239 1696 4309 scripta,

279 4345 371 4394 cetera
388 4357 475 4393 vacua
493 4340 588 4394 relicta
607 4340 669 4394 sint.

402 4436 543 4498 Scholia
565 4445 599 4498 in
621 4444 745 4516 Pythia
766 4443 859 4497 l—IV
882 4442 1044 4512 priusquam
1066 4459 1090 4498 a.
1110 4443 1138 4497 G.
1157 4443 1187 4498 Ε.
1207 4443 1269 4500 Chr.
1289 4444 1458 4501 Schneidero
1478 4463 1511 4501 ex
1529 4448 1583 4502 hoc
1602 4449 1697 4503 codice

281 4551 427 4604 ederentur
448 4551 477 4604 in
499 4550 656 4618 Apparatus
680 4548 817 4603 Pindarici
841 4547 1039 4616 Supplemento
1062 4547 1136 4601 Vrat.
1161 4548 1229 4602 1844
1251 4565 1312 4616 pag.
1336 4549 1438 4613 1-3a
1461 4551 1556 4619 ignota
1579 4552 1697 4607 suerunt.

281 4655 431 4709 Schneider
455 4655 568 4710 editioni
592 4669 659 4709 suae
682 4653 832 4723 inscripsit:
863 4653 1004 4718 „Thomas
1027 4653 1097 4720 Mag.
1121 4656 1149 4706 et
1170 4653 1301 4708 Demetrii
1324 4653 1449 4709 Triclinii
1473 4657 1610 4712 Scholia.“
1647 4656 1696 4711 Cui

280 4759 445 4814 contradixit
463 4758 578 4813 Carolus
596 4759 684 4812 Lehrs
702 4758 731 4811 in
749 4757 820 4811 libro
840 4757 886 4828 qui
905 4756 1062 4812 inscribitur
1080 4756 1147 4821 „Die
1164 4757 1413 4813 Pindarscholien“
1432 4778 1493 4830 pag.
1513 4763 1545 4815 97
1565 4779 1606 4832 sq.
1626 4762 1697 4816 affir-

279 4880 358 4918 mans
382 4863 452 4917 haec
476 4862 584 4917 scholia
607 4879 623 4916 a
646 4861 777 4916 Triclinio
801 4863 864 4917 solo
887 4878 949 4915 esse
974 4861 1127 4930 composita
1150 4866 1178 4915 et
1200 4862 1325 4915 Thomas
1347 4862 1469 4932 Magistri
1492 4881 1603 4929 nomeu,
1621 4868 1697 4936 quod

279 4985 393 5040 scholiis
417 4985 445 5039 iu
468 4986 548 5054 Pyth.
571 4985 584 5039 l
607 4984 805 5056 praescriptum
828 4989 871 5040 est
893 4984 951 5054 (fol.
973 4983 1038 5039 531:
1061 4987 1114 5038 'rou
1138 5000 1219 5038 αοτοο
1242 5001 1398 5052 coacturos
1420 5003 1467 5039 τοο
1495 4992 1638 5056 μαγίοτροο
1660 4971 1695 5061 ηυ

280 5092 360 5156 eaput
379 5088 475 5156 σχόλια
493 5093 589 5142 stortae
607 5092 658 5142 τῶν
669 5091 824 5160 unitura),
840 5106 891 5159 per
903 5106 1024 5144 errorem
1035 5088 1188 5158 irrepsisse.
1225 5089 1280 5144 Sed
1293 5105 1384 5144 errare
1396 5090 1484 5145 virum
1496 5092 1695 5157 doctissimum,

266 5179 308 5247 'et
331 5209 426 5247 verum
449 5193 552 5247 vidisse
576 5193 785 5256 Schneiderum‚
811 5193 1011 5248 demonstravit
1034 5193 1176 5247 Conradus
1201 5192 1319 5257 Zacher‚
1343 5194 1394 5250 Die
1412 5195 1622 5251 handsclrriften
1639 5198 1696 5250 und

282 5298 392 5352 classen
411 5299 460 5352 der
480 5297 809 5366 Aristophanesscholieu
827 5315 889 5367 pag.
908 5299 959 5352 620
978 5315 1048 5366 sqq„
1068 5303 1095 5351 et
1113 5297 1206 5351 codice
1224 5297 1286 5366 ipso
1305 5302 1375 5352 teste
1394 5298 1526 5370 adhibito,
1551 5305 1578 5355 et
1596 5301 1696 5357 scholi·
