3962 6150
726 635 792 694 Cori.
810 635 899 694 Rehd.
918 636 959 694 27.
978 637 1020 693 28.
1536 637 1577 704 29

160 870 287 936 fatione
300 869 450 934 eiusdem
460 868 640 933 voluminis
652 868 803 951 pangll
815 888 887 950 sqq.
910 867 1038 932 Deinde
1052 866 1166 931 codice
1177 887 1259 932 usus
1272 869 1324 932 est
1336 865 1371 931 C.
1380 865 1577 950 G.Heyne,

37 1045 39 1054 ,
159 991 216 1073 qui
232 1011 308 1056 eum
324 992 429 1055 Vrat.
446 991 475 1054 A
490 989 621 1055 vocavit
637 993 670 1054 et
686 989 727 1053 de
743 1008 782 1053 eo
798 988 943 1053 breviter
959 988 1086 1053 rettulit
1099 988 1164 1051 vol.
1180 988 1221 1051 ΠΙ
1234 1007 1308 1070 pag.
1320 986 1490 1053 LXXXIX.
1528 986 1578 1050 Ex

33 1133 47 1198 i:
156 1111 277 1194 Heynii
302 1111 449 1177 editione
472 1111 669 1176 varietatem
691 1109 845 1175 lectionis
863 1109 1006 1191 sumpsit
1020 1109 1067 1172 La
1081 1108 1230 1173 Rochius
1254 1107 1289 1171 in
1305 1107 1355 1172 ed.
1380 1127 1440 1172 sua
1454 1106 1577 1171 Iliadis.

156 1232 207 1296 De
231 1231 347 1297 codice
370 1232 443 1314 ipso
468 1231 555 1296 conf.
577 1232 625 1296 La
645 1231 772 1310 Roche,
795 1229 856 1294 Die
877 1229 1098 1294 Homerische
1121 1227 1318 1307 Textkritih,
1342 1248 1416 1310 pag.
1440 1227 1513 1291 469.

33 1418 46 1458 ,3
288 1353 425 1417 Praeter
452 1372 520 1432 eos,
549 1372 632 1434 qnos
662 1350 855 1430 memoravi,
885 1350 999 1415 codice
1028 1350 1081 1414 usi
1109 1353 1187 1414 sunt
1221 1349 1299 1414 Chr.
1334 1349 1385 1412 Fr.
1419 1347 1578 1412 Matthaei

157 1469 202 1554 (4.
238 1473 343 1555 1785),
380 1473 555 1538 Eduardus
598 1472 748 1536 Gerhard
781 1472 823 1552 (a.
855 1471 965 1553 1816),
1003 1470 1038 1535 C.
1071 1471 1107 1536 F.
1139 1471 1352 1551 Kampmann
1389 1467 1431 1550 (a.
1473 1468 1577 1551 1843),

39 1577 43 1671 J
158 1593 197 1657 E.
220 1593 260 1657 R.
282 1594 393 1674 Lange
416 1593 459 1675 (a.
485 1594 590 1675 1844),
612 1593 780 1675 Augustus
803 1591 981 1657 Rossbach
1004 1590 1046 1672 (a.
1073 1591 1153 1654 1872
1177 1593 1210 1655 et
1233 1590 1337 1672 1883).
1511 1621 1543 1678 z·

835 1851 902 1933 28.

658 2023 824 2093 (1111111111
842 2044 875 2070 =
894 2023 921 2076 s,
940 2023 959 2076 1.
978 2023 1003 2076 1.
1024 2021 1075 2092 18.)

288 2162 403 2228 Codex
427 2164 622 2228 chartaceus
639 2164 747 2230 forma
770 2165 932 2249 quadrata
954 2163 1061 2246 (0868
1079 2161 1482 2244 ><Ο,196111.),14114111111
1504 2163 1577 2241 221,

33 2281 39 2335 l
158 2284 201 2347 27
231 2283 398 2348 fasciculis
429 2288 605 2364 4411414114,
635 2285 691 2367 qui
721 2306 838 2350 omnes
869 2289 947 2350 sunt
976 2283 1231 2367 quaterniones,
1261 2282 1409 2364 exceptis
1438 2284 1514 2346 9et
1538 2281 1577 2346 16

161 2403 377 2486 quinionibus
406 2409 439 2470 et
466 2405 508 2470 20
536 2405 686 2470 senione.
729 2406 802 2472 Duo
836 2426 958 2488 genera
992 2406 1128 2470 chartae
1162 2403 1425 2486 distinguuntur,
1460 2404 1576 2467 charta

159 2524 304 2605 vulgaris
328 2528 361 2588 et
389 2525 505 2589 charta
531 2525 704 2608 laevigata,
731 2530 800 2590 tres
827 2546 947 2591 manus
976 2526 1137 2591 diversae.
1181 2525 1326 2589 Maxima
1347 2543 1426 2606 pars
1450 2524 1576 2588 codicis

158 2644 352 2709 Michaeli
379 2645 605 2727 Apostolae
634 2665 736 2711 manu
765 2646 821 2729 (111.
850 2649 876 2730 Ι)
905 2650 1042 2712 exarata
1070 2649 1131 2726 est,
1161 2645 1275 2728 quiin
1303 2644 1368 2708 tine
1395 2643 1576 2708 voluminis

158 2766 243 2829 haec
259 2765 474 2847 subscripsit:
497 2765 652 2851 μιχαῆλος
668 2762 845 2851 ἀποστόλης
868 2762 1034 2851 βυζσίντιος,
1059 2762 1136 2851 μετὰ
1158 2763 1215 2851 τήν
1236 2769 1292 2848 τῆς
1314 2760 1409 2828 αὑτοῦ
1430 2761 1577 2848 πατρίδος

159 2883 290 2968 ἅλωσιν,
323 2884 413 2950 πενία
445 2884 561 2970 συζῶν,
593 2888 649 2950 καί
680 2886 752 2950 τόδε
780 2885 815 2951 τὸ
849 2885 965 2972 βιβλίον
998 2886 1030 2952 ἐν
1070 2881 1173 2971 agrian
1204 2883 1414 2970 ἐξίγραψεντ-
1446 2884 1514 2950 Sed
1547 2885 1575 2948 is

158 3006 338 3088 Apostoles
368 3026 438 3071 non
465 3026 533 3070 uno
562 3010 679 3073 tenore
709 3027 818 3090 neque
842 3007 924 3072 satis
948 3007 1125 3089 diligenter
1147 3007 1269 3072 librum
1293 3007 1450 3071 exaravit.
1495 3007 1577 3071 Sae-

161 3146 355 3208 penumero,
378 3128 524 3193 maxime
544 3147 660 3192 versus
683 3128 783 3192 tinem
797 3127 957 3208 fasciculi,
980 3132 1115 3210 repente
1137 3128 1262 3193 desinit
1283 3131 1316 3192 et
1337 3131 1416 3210 post
1436 3127 1577 3192 multum

163 3248 296 3313 demum
319 3249 464 3338 spatium
487 3248 639 3313 relictum
653 3249 771 3332 pergit,
794 3249 949 3314 lacunam
965 3248 1165 3331 explendam
1181 3248 1238 3313 alii
1254 3247 1457 3331 relinquens,
1473 3247 1577 3311 inter-

162 3366 241 3432 dum
274 3366 421 3450 integros
455 3368 633 3434 fasciculos
666 3369 741 3434 aliis
776 3369 972 3434 scribendos
1006 3369 1186 3434 mandavit.
1241 3368 1310 3434 Has
1344 3368 1481 3433 lacunas
1510 3367 1576 3432 duo

162 3487 292 3552 scribae
327 3489 556 3571 expleverunt,
589 3490 706 3572 procul
735 3490 837 3555 dubio
870 3491 1053 3573 Apostolae
1086 3490 1242 3583 aequales
1277 3493 1309 3555 et
1343 3488 1425 3554 socii
1453 3488 1576 3571 operis,

162 3628 303 3691 quorum
325 3609 408 3674 alter
431 3609 552 3694 (111.Π),
577 3610 633 3694 qui
654 3610 747 3693 prior
762 3611 806 3676 ad
827 3612 984 3676 volumen
1006 3611 1245 3694 perficiendum
1267 3609 1420 3689 accessit,
1444 3628 1576 3691 semper

160 3729 277 3794 charta
299 3729 461 3812 laevigata
488 3730 601 3811 utitur,
630 3732 714 3796 alter
737 3732 793 3814 (m.
822 3732 875 3816 111)
903 3732 1020 3798 eadem
1050 3733 1166 3797 charta
1195 3751 1259 3815 qua
1286 3731 1466 3814 Apostolos
1493 3731 1576 3814 ipse.

159 3849 286 3914 Prioris
308 3850 398 3916 illius
415 3850 545 3916 scribae
568 3871 688 3917 manus
705 3851 839 3934 elegans
863 3856 896 3916 et
919 3851 1073 3935 speciosa
1088 3855 1140 3916 est
1157 3855 1190 3916 et
1210 3851 1319 3934 primo
1338 3851 1456 3915 obtutu
1470 3851 1575 3915 multo

162 3969 330 4053 antiquior
344 3971 485 4052 videtur,
509 3976 542 4036 et
557 3971 604 4037 ita
618 3971 691 4038 visa
706 3976 758 4037 441
773 3972 928 4038 Ernestio
944 3972 1049 4055 praef.
1072 3975 1152 4037 tom.
1169 3973 1196 4036 V
1217 3991 1291 4054 pag.
1313 3971 1367 4035 IX.
1413 3971 1478 4035 Sed
1501 3991 1576 4036 eum

162 4093 239 4172 post
271 4092 458 4174 Apostolen
492 4092 669 4175 scripsisse
703 4098 858 4159 accurata
891 4093 1072 4176 descriptio
1103 4091 1228 4159 codicis
1259 4091 1401 4157 docebit.
1452 4093 1575 4156 Versus

160 4209 214 4275 hic
245 4211 355 4276 scriba
383 4214 421 4276 ut
447 4213 627 4295 Apostoles
655 4213 803 4278 tricenos
831 4213 929 4296 ponit
957 4213 992 4278 in
1016 4233 1145 4297 quaque
1167 4213 1300 4296 pagina,
1325 4211 1435 4277 scriba
1457 4213 1574 4278 tertius

160 4331 355 4415 plerumque
377 4332 524 4412 tricenos
547 4333 657 4400 binos.
701 4336 753 4399 Ab
776 4335 830 4400 his
853 4334 952 4418 igitur
979 4335 1110 4401 duobus
1140 4334 1260 4401 scribis
1288 4333 1410 4416 partim
1437 4333 1575 4398 lacunae

161 4452 194 4516 in
228 4452 348 4518 mediis
380 4453 547 4520 fasciculis
582 4455 733 4537 expletae
767 4459 862 4536 sunt,
894 4455 1017 4537 partim
1050 4456 1171 4539 integri
1204 4453 1354 4520 fasciculi
1383 4452 1574 4535 conscripti,

160 4573 283 4654 partim
316 4571 447 4656 singula
479 4573 560 4639 folia
591 4575 644 4639 vel
677 4575 834 4641 foliorum
865 4576 960 4658 paria
993 4575 1161 4641 fasciculis
1191 4575 1357 4641 adiuncta.
1408 4573 1574 4639 Custodes

159 4693 342 4776 Apostolae
364 4713 466 4760 manu
489 4694 606 4778 scripti
628 4695 664 4760 in
692 4696 802 4762 fronte
832 4696 1067 4762 fasciculorum
1093 4696 1308 4762 inveniuntur
1329 4696 1465 4760 horum:
1493 4693 1574 4760 fasc.

158 4810 523 4935 4-13εβον-ιὲν,
547 4850 626 4917 fasc.
652 4853 691 4918 17
708 4879 748 4906 =
765 4821 817 4932 ιὲν,
847 4852 927 4918 1444.
957 4852 1103 4918 84-87
1121 4880 1160 4906 =
1175 4819 1383 4938 κβον-κὲν,
1412 4855 1446 4916 41
1473 4869 1574 4916 manu

158 4970 185 5033 ll
206 4969 242 5034 in
270 4970 350 5036 fasc.
382 4971 606 5054 rescriptum
635 4976 686 5037 est
714 4968 760 5050 ιζ’.
810 4973 906 5038 Unde
935 4973 1108 5056 intellegas
1129 4971 1258 5056 primos
1283 4972 1367 5038 duos
1396 4970 1574 5038 fasciculos

160 5089 320 5158 volumini
352 5093 473 5174 postea
508 5092 684 5158 adiunctos
723 5112 814 5173 esse,
853 5096 982 5160 ceteros
1016 5097 1128 5159 autem
1166 5112 1299 5172 omnes,
1337 5090 1469 5157 etiamsi
1505 5110 1575 5156 non

159 5212 340 5294 Apostolae
356 5231 458 5277 manu
474 5213 589 5295 scripti
606 5215 693 5293 sunt,
716 5216 830 5280 14111411
844 5217 902 5280 4111
922 5215 957 5280 111
979 5215 1091 5281 locum
1104 5214 1340 5282 fasciculorum
1355 5214 1396 5278 ab
1413 5232 1453 5276 eo
1470 5212 1575 5294 scrip-

159 5335 269 5400 torum
292 5334 505 5415 successisse,
528 5339 585 5402 aut
607 5333 678 5400 eius
701 5336 860 5418 auspiciis
884 5340 1039 5402 exaratos
1063 5355 1148 5402 esse.
