<?xml version="1.0" encoding="UTF-8"?>
<!DOCTYPE html PUBLIC "-//W3C//DTD XHTML 1.0 Transitional//EN"
    "http://www.w3.org/TR/xhtml1/DTD/xhtml1-transitional.dtd">
<html xmlns="http://www.w3.org/1999/xhtml" xml:lang="en" lang="en">
 <head>
  <title>
</title>
<meta http-equiv="Content-Type" content="text/html;charset=utf-8" />
  <meta name='ocr-system' content='tesseract 3.04.00' />
  <meta name='ocr-capabilities' content='ocr_page ocr_carea ocr_par ocr_line ocrx_word'/>
</head>
<body>
  <div class='ocr_page' id='page_1' title='image "./cataloguscodicu00bresgoog_0015.png"; bbox 0 0 3962 6150; ppageno 0'>
   <div class='ocr_carea' id='block_1_1' title="bbox 371 667 439 732">
    <p class='ocr_par' dir='ltr' id='par_1_1' title="bbox 371 667 439 732">
     <span class='ocr_line' id='line_1_1' title="bbox 371 667 439 732; baseline 0 0"><span class='ocrx_word' id='word_1_1' title='bbox 371 667 439 732; x_wconf 87' lang='lat' dir='ltr'><strong>VIII</strong></span> 
     </span>
    </p>
   </div>
   <div class='ocr_carea' id='block_1_2' title="bbox 372 888 1825 5072">
    <p class='ocr_par' dir='ltr' id='par_1_2' title="bbox 372 888 1787 1818">
     <span class='ocr_line' id='line_1_2' title="bbox 372 888 1782 972; baseline 0 -18"><span class='ocrx_word' id='word_1_2' title='bbox 372 893 548 972; x_wconf 86' lang='lat' dir='ltr'>prodierunt</span> <span class='ocrx_word' id='word_1_3' title='bbox 581 895 723 972; x_wconf 88' lang='lat' dir='ltr'>opercula</span> <span class='ocrx_word' id='word_1_4' title='bbox 755 893 890 954; x_wconf 83' lang='lat' dir='ltr'>codicmu</span> <span class='ocrx_word' id='word_1_5' title='bbox 923 893 974 953; x_wconf 80' lang='lat' dir='ltr'>to.</span> <span class='ocrx_word' id='word_1_6' title='bbox 998 891 1075 954; x_wconf 72' lang='lat' dir='ltr'>etc:</span> <span class='ocrx_word' id='word_1_7' title='bbox 1109 891 1209 955; x_wconf 84' lang='lat' dir='ltr'>Patavi</span> <span class='ocrx_word' id='word_1_8' title='bbox 1242 888 1321 970; x_wconf 87' lang='lat' dir='ltr'>degit</span> <span class='ocrx_word' id='word_1_9' title='bbox 1347 890 1404 953; x_wconf 91' lang='lat' dir='ltr'>Th.</span> <span class='ocrx_word' id='word_1_10' title='bbox 1426 889 1590 968; x_wconf 82' lang='lat' dir='ltr'>Rehdigcr3</span> <span class='ocrx_word' id='word_1_11' title='bbox 1623 891 1782 954; x_wconf 86' lang='lat' dir='ltr'>Patavinus</span> 
     </span>
     <span class='ocr_line' id='line_1_3' title="bbox 372 1011 1782 1094; baseline 0 -20"><span class='ocrx_word' id='word_1_12' title='bbox 372 1015 461 1094; x_wconf 87' lang='lat' dir='ltr'>igitur</span> <span class='ocrx_word' id='word_1_13' title='bbox 482 1015 538 1076; x_wconf 82' lang='lat' dir='ltr'>luit</span> <span class='ocrx_word' id='word_1_14' title='bbox 558 1014 724 1094; x_wconf 75' lang='lat' dir='ltr'>bibliopega</span> <span class='ocrx_word' id='word_1_15' title='bbox 746 1014 872 1093; x_wconf 75' lang='lat' dir='ltr'>quibos</span> <span class='ocrx_word' id='word_1_16' title='bbox 894 1015 1012 1076; x_wconf 89' lang='lat' dir='ltr'>codices</span> <span class='ocrx_word' id='word_1_17' title='bbox 1027 1012 1181 1075; x_wconf 85' lang='lat' dir='ltr'>involucro</span> <span class='ocrx_word' id='word_1_18' title='bbox 1196 1011 1345 1074; x_wconf 83' lang='lat' dir='ltr'>instruxit.</span> <span class='ocrx_word' id='word_1_19' title='bbox 1389 1013 1532 1075; x_wconf 86' lang='lat' dir='ltr'>Italorum</span> <span class='ocrx_word' id='word_1_20' title='bbox 1553 1031 1638 1074; x_wconf 89' lang='lat' dir='ltr'>moro</span> <span class='ocrx_word' id='word_1_21' title='bbox 1658 1011 1782 1074; x_wconf 86' lang='lat' dir='ltr'>vestitus</span> 
     </span>
     <span class='ocr_line' id='line_1_4' title="bbox 374 1133 1782 1209; baseline 0.001 -12"><span class='ocrx_word' id='word_1_22' title='bbox 374 1143 418 1197; x_wconf 88' lang='lat' dir='ltr'>est</span> <span class='ocrx_word' id='word_1_23' title='bbox 446 1135 534 1196; x_wconf 90' lang='lat' dir='ltr'>etiam</span> <span class='ocrx_word' id='word_1_24' title='bbox 560 1136 624 1196; x_wconf 88' lang='lat' dir='ltr'>cod.</span> <span class='ocrx_word' id='word_1_25' title='bbox 654 1135 726 1209; x_wconf 83' lang='lat'>358,</span> <span class='ocrx_word' id='word_1_26' title='bbox 755 1133 909 1196; x_wconf 88' lang='lat' dir='ltr'>involucro</span> <span class='ocrx_word' id='word_1_27' title='bbox 946 1135 1172 1196; x_wconf 87' lang='lat' dir='ltr'>membranaceo</span> <span class='ocrx_word' id='word_1_28' title='bbox 1212 1135 1279 1196; x_wconf 90' lang='lat' dir='ltr'>albo</span> <span class='ocrx_word' id='word_1_29' title='bbox 1319 1142 1348 1196; x_wconf 89' lang='lat' dir='ltr'>et</span> <span class='ocrx_word' id='word_1_30' title='bbox 1387 1134 1479 1208; x_wconf 87' lang='lat' dir='ltr'>tenui,</span> <span class='ocrx_word' id='word_1_31' title='bbox 1522 1134 1623 1196; x_wconf 92' lang='lat' dir='ltr'>oribus</span> <span class='ocrx_word' id='word_1_32' title='bbox 1661 1133 1782 1198; x_wconf 88' lang='lat' dir='ltr'>auratis.</span> 
     </span>
     <span class='ocr_line' id='line_1_5' title="bbox 372 1255 1783 1334; baseline -0.002 -16"><span class='ocrx_word' id='word_1_33' title='bbox 372 1256 435 1318; x_wconf 89' lang='lat' dir='ltr'>Hos</span> <span class='ocrx_word' id='word_1_34' title='bbox 462 1255 550 1334; x_wconf 89' lang='lat' dir='ltr'>igitur</span> <span class='ocrx_word' id='word_1_35' title='bbox 578 1255 696 1320; x_wconf 90' lang='lat' dir='ltr'>codices</span> <span class='ocrx_word' id='word_1_36' title='bbox 722 1255 755 1316; x_wconf 89' lang='lat' dir='ltr'>in</span> <span class='ocrx_word' id='word_1_37' title='bbox 783 1255 866 1317; x_wconf 89' lang='lat' dir='ltr'>ltalia</span> <span class='ocrx_word' id='word_1_38' title='bbox 887 1275 905 1316; x_wconf 89' lang='lat' dir='ltr'>a</span> <span class='ocrx_word' id='word_1_39' title='bbox 924 1255 1091 1334; x_wconf 84' lang='lat' dir='ltr'>Rebdigero</span> <span class='ocrx_word' id='word_1_40' title='bbox 1114 1260 1228 1334; x_wconf 87' lang='lat' dir='ltr'>emptos</span> <span class='ocrx_word' id='word_1_41' title='bbox 1250 1273 1316 1316; x_wconf 87' lang='lat' dir='ltr'>esse</span> <span class='ocrx_word' id='word_1_42' title='bbox 1338 1262 1459 1334; x_wconf 87' lang='lat' dir='ltr'>apparet</span> <span class='ocrx_word' id='word_1_43' title='bbox 1480 1256 1573 1332; x_wconf 89' lang='lat' dir='ltr'>(quod</span> <span class='ocrx_word' id='word_1_44' title='bbox 1595 1255 1631 1316; x_wconf 86' lang='lat' dir='ltr'>de</span> <span class='ocrx_word' id='word_1_45' title='bbox 1654 1255 1718 1316; x_wconf 88' lang='lat' dir='ltr'>cod.</span> <span class='ocrx_word' id='word_1_46' title='bbox 1742 1255 1783 1314; x_wconf 81' lang='lat'>35</span> 
     </span>
     <span class='ocr_line' id='line_1_6' title="bbox 374 1375 1785 1455; baseline -0.001 -18"><span class='ocrx_word' id='word_1_47' title='bbox 374 1376 463 1437; x_wconf 84' lang='lat' dir='ltr'>etiam</span> <span class='ocrx_word' id='word_1_48' title='bbox 490 1376 649 1438; x_wconf 89' lang='lat' dir='ltr'>eNeodici</span> <span class='ocrx_word' id='word_1_49' title='bbox 682 1376 808 1455; x_wconf 82' lang='lat' dir='ltr'><strong>epistula</strong></span> <span class='ocrx_word' id='word_1_50' title='bbox 840 1375 1044 1454; x_wconf 84' lang='lat' dir='ltr'>intellegitur).</span> <span class='ocrx_word' id='word_1_51' title='bbox 1098 1377 1220 1438; x_wconf 86' lang='lat' dir='ltr'>Praeter</span> <span class='ocrx_word' id='word_1_52' title='bbox 1253 1375 1309 1436; x_wconf 87' lang='lat' dir='ltr'>hos</span> <span class='ocrx_word' id='word_1_53' title='bbox 1346 1382 1445 1436; x_wconf 88' lang='lat' dir='ltr'>vetere</span> <span class='ocrx_word' id='word_1_54' title='bbox 1483 1376 1625 1453; x_wconf 87' lang='lat' dir='ltr'>operculo</span> <span class='ocrx_word' id='word_1_55' title='bbox 1658 1381 1785 1436; x_wconf 87' lang='lat' dir='ltr'>utuntur</span> 
     </span>
     <span class='ocr_line' id='line_1_7' title="bbox 375 1477 1785 1576; baseline -0.001 -18"><span class='ocrx_word' id='word_1_56' title='bbox 375 1499 441 1558; x_wconf 89' lang='lat' dir='ltr'>cod.</span> <span class='ocrx_word' id='word_1_57' title='bbox 456 1493 529 1572; x_wconf 67' lang='lat'>492,</span> <span class='ocrx_word' id='word_1_58' title='bbox 545 1515 634 1576; x_wconf 76' lang='lat' dir='ltr'>qrrenr</span> <span class='ocrx_word' id='word_1_59' title='bbox 647 1498 688 1558; x_wconf 94' lang='lat' dir='ltr'>lo.</span> <span class='ocrx_word' id='word_1_60' title='bbox 704 1496 795 1576; x_wconf 85' lang='lat' dir='ltr'>Langi</span> <span class='ocrx_word' id='word_1_61' title='bbox 816 1497 870 1558; x_wconf 86' lang='lat' dir='ltr'>lcti</span> <span class='ocrx_word' id='word_1_62' title='bbox 889 1496 979 1559; x_wconf 82' lang='lat' dir='ltr'>tuisse</span> <span class='ocrx_word' id='word_1_63' title='bbox 1001 1504 1126 1572; x_wconf 84' lang='lat' dir='ltr'>constat,</span> <span class='ocrx_word' id='word_1_64' title='bbox 1153 1504 1183 1560; x_wconf 88' lang='lat' dir='ltr'>et</span> <span class='ocrx_word' id='word_1_65' title='bbox 1208 1477 1273 1558; x_wconf 90' lang='lat' dir='ltr'>cod.</span> <span class='ocrx_word' id='word_1_66' title='bbox 1296 1497 1367 1570; x_wconf 69' lang='lat'>502,</span> <span class='ocrx_word' id='word_1_67' title='bbox 1390 1495 1441 1574; x_wconf 89' lang='lat' dir='ltr'>qui</span> <span class='ocrx_word' id='word_1_68' title='bbox 1455 1511 1535 1557; x_wconf 88' lang='lat' dir='ltr'>anno</span> <span class='ocrx_word' id='word_1_69' title='bbox 1556 1497 1677 1558; x_wconf 88' lang='lat' dir='ltr'>demum</span> <span class='ocrx_word' id='word_1_70' title='bbox 1694 1495 1785 1568; x_wconf 74' lang='lat'>1592,</span> 
     </span>
     <span class='ocr_line' id='line_1_8' title="bbox 375 1613 1787 1696; baseline -0.002 -18"><span class='ocrx_word' id='word_1_71' title='bbox 375 1619 489 1679; x_wconf 90' lang='lat' dir='ltr'>dudum</span> <span class='ocrx_word' id='word_1_72' title='bbox 509 1626 628 1682; x_wconf 87' lang='lat' dir='ltr'>mortuo</span> <span class='ocrx_word' id='word_1_73' title='bbox 654 1618 769 1678; x_wconf 83' lang='lat' dir='ltr'>Thema</span> <span class='ocrx_word' id='word_1_74' title='bbox 792 1617 968 1696; x_wconf 87' lang='lat' dir='ltr'>Rehdigero,</span> <span class='ocrx_word' id='word_1_75' title='bbox 1001 1617 1130 1696; x_wconf 86' lang='lat' dir='ltr'>scriptus</span> <span class='ocrx_word' id='word_1_76' title='bbox 1152 1624 1206 1691; x_wconf 87' lang='lat' dir='ltr'>est,</span> <span class='ocrx_word' id='word_1_77' title='bbox 1234 1623 1272 1691; x_wconf 84' lang='lat' dir='ltr'>et,</span> <span class='ocrx_word' id='word_1_78' title='bbox 1302 1623 1336 1677; x_wconf 92' lang='lat' dir='ltr'>ut</span> <span class='ocrx_word' id='word_1_79' title='bbox 1358 1635 1394 1678; x_wconf 86' lang='lat' dir='ltr'>ex</span> <span class='ocrx_word' id='word_1_80' title='bbox 1422 1615 1506 1694; x_wconf 86' lang='lat' dir='ltr'>signo</span> <span class='ocrx_word' id='word_1_81' title='bbox 1527 1615 1640 1694; x_wconf 85' lang='lat' dir='ltr'>primae</span> <span class='ocrx_word' id='word_1_82' title='bbox 1661 1613 1787 1693; x_wconf 77' lang='lat' dir='ltr'>paginae</span> 
     </span>
     <span class='ocr_line' id='line_1_9' title="bbox 376 1735 1786 1818; baseline 0 -19"><span class='ocrx_word' id='word_1_83' title='bbox 376 1739 521 1818; x_wconf 89' lang='lat' dir='ltr'>impresso</span> <span class='ocrx_word' id='word_1_84' title='bbox 542 1738 737 1818; x_wconf 86' lang='lat' dir='ltr'>intellegitur,</span> <span class='ocrx_word' id='word_1_85' title='bbox 760 1758 796 1799; x_wconf 88' lang='lat' dir='ltr'>ex</span> <span class='ocrx_word' id='word_1_86' title='bbox 809 1736 988 1800; x_wconf 78' lang='lat' dir='ltr'>bibliotheca</span> <span class='ocrx_word' id='word_1_87' title='bbox 1001 1737 1115 1800; x_wconf 88' lang='lat' dir='ltr'>Alberti</span> <span class='ocrx_word' id='word_1_88' title='bbox 1131 1739 1167 1800; x_wconf 91' lang='lat' dir='ltr'>de</span> <span class='ocrx_word' id='word_1_89' title='bbox 1181 1737 1305 1798; x_wconf 86' lang='lat' dir='ltr'>Sebisch</span> <span class='ocrx_word' id='word_1_90' title='bbox 1318 1736 1350 1797; x_wconf 91' lang='lat' dir='ltr'>in</span> <span class='ocrx_word' id='word_1_91' title='bbox 1360 1735 1596 1814; x_wconf 84' lang='lat' dir='ltr'>Rchdigeranam</span> <span class='ocrx_word' id='word_1_92' title='bbox 1615 1735 1716 1798; x_wconf 88' lang='lat' dir='ltr'>illatus</span> <span class='ocrx_word' id='word_1_93' title='bbox 1732 1741 1786 1799; x_wconf 87' lang='lat' dir='ltr'>est.</span> 
     </span>
    </p>

    <p class='ocr_par' dir='ltr' id='par_1_3' title="bbox 376 1856 1789 2780">
     <span class='ocr_line' id='line_1_10' title="bbox 501 1856 1786 1937; baseline -0.001 -17"><span class='ocrx_word' id='word_1_94' title='bbox 501 1857 633 1920; x_wconf 85' lang='lat' dir='ltr'>Krantaii</span> <span class='ocrx_word' id='word_1_95' title='bbox 655 1859 807 1937; x_wconf 86' lang='lat' dir='ltr'>catalogus</span> <span class='ocrx_word' id='word_1_96' title='bbox 834 1858 909 1937; x_wconf 85' lang='lat' dir='ltr'>typis</span> <span class='ocrx_word' id='word_1_97' title='bbox 931 1878 993 1919; x_wconf 91' lang='lat' dir='ltr'>non</span> <span class='ocrx_word' id='word_1_98' title='bbox 1014 1858 1176 1936; x_wconf 86' lang='lat' dir='ltr'>impressus</span> <span class='ocrx_word' id='word_1_99' title='bbox 1198 1864 1251 1919; x_wconf 89' lang='lat' dir='ltr'>est.</span> <span class='ocrx_word' id='word_1_100' title='bbox 1295 1856 1384 1917; x_wconf 83' lang='lat' dir='ltr'>Anno</span> <span class='ocrx_word' id='word_1_101' title='bbox 1406 1857 1526 1919; x_wconf 89' lang='lat' dir='ltr'>demum</span> <span class='ocrx_word' id='word_1_102' title='bbox 1551 1858 1631 1918; x_wconf 68' lang='lat'><strong>1828</strong></span> <span class='ocrx_word' id='word_1_103' title='bbox 1646 1856 1786 1919; x_wconf 88' lang='lat' dir='ltr'>Albertus</span> 
     </span>
     <span class='ocr_line' id='line_1_11' title="bbox 376 1976 1786 2072; baseline -0.001 -32"><span class='ocrx_word' id='word_1_104' title='bbox 376 1977 554 2040; x_wconf 89' lang='lat' dir='ltr'>Wachler</span> <span class='ocrx_word' id='word_1_105' title='bbox 576 1977 608 2038; x_wconf 92' lang='lat' dir='ltr'>in</span> <span class='ocrx_word' id='word_1_106' title='bbox 630 1979 706 2039; x_wconf 91' lang='lat' dir='ltr'>libro</span> <span class='ocrx_word' id='word_1_107' title='bbox 729 1995 818 2057; x_wconf 86' lang='lat' dir='ltr'>quem</span> <span class='ocrx_word' id='word_1_108' title='bbox 831 1978 1059 2041; x_wconf 78' lang='lat' dir='ltr'>memoravimus</span> <span class='ocrx_word' id='word_1_109' title='bbox 1073 1979 1111 2040; x_wconf 85' lang='lat' dir='ltr'>de</span> <span class='ocrx_word' id='word_1_110' title='bbox 1124 1977 1240 2040; x_wconf 83' lang='lat' dir='ltr'>Thema</span> <span class='ocrx_word' id='word_1_111' title='bbox 1253 1977 1420 2056; x_wconf 85' lang='lat' dir='ltr'>Rehdigero</span> <span class='ocrx_word' id='word_1_112' title='bbox 1433 1976 1540 2072; x_wconf 86' lang='lat' dir='ltr'>pagina</span> <span class='ocrx_word' id='word_1_113' title='bbox 1555 1978 1680 2038; x_wconf 82' lang='lat'>37-58</span> <span class='ocrx_word' id='word_1_114' title='bbox 1696 1977 1786 2038; x_wconf 79' lang='lat' dir='ltr'>edidit</span> 
     </span>
     <span class='ocr_line' id='line_1_12' title="bbox 378 2095 1787 2177; baseline -0.001 -18"><span class='ocrx_word' id='word_1_115' title='bbox 378 2098 571 2177; x_wconf 82' lang='lat' dir='ltr'>„Gatalogum</span> <span class='ocrx_word' id='word_1_116' title='bbox 602 2095 876 2177; x_wconf 79' lang='lat' dir='ltr'>manuscriptorum</span> <span class='ocrx_word' id='word_1_117' title='bbox 910 2100 995 2160; x_wconf 90' lang='lat' dir='ltr'>codd.</span> <span class='ocrx_word' id='word_1_118' title='bbox 1018 2106 1175 2162; x_wconf 84' lang='lat' dir='ltr'>auctorum</span> <span class='ocrx_word' id='word_1_119' title='bbox 1208 2098 1403 2160; x_wconf 78' lang='lat' dir='ltr'>classicorum</span> <span class='ocrx_word' id='word_1_120' title='bbox 1429 2117 1498 2160; x_wconf 90' lang='lat' dir='ltr'>cum</span> <span class='ocrx_word' id='word_1_121' title='bbox 1519 2095 1702 2160; x_wconf 86' lang='lat' dir='ltr'>Graecorum</span> <span class='ocrx_word' id='word_1_122' title='bbox 1723 2105 1787 2158; x_wconf 88' lang='lat' dir='ltr'>tum</span> 
     </span>
     <span class='ocr_line' id='line_1_13' title="bbox 377 2219 1787 2298; baseline -0.001 -18"><span class='ocrx_word' id='word_1_123' title='bbox 377 2220 580 2294; x_wconf 87' lang='lat' dir='ltr'>Latinorum“,</span> <span class='ocrx_word' id='word_1_124' title='bbox 603 2219 635 2280; x_wconf 92' lang='lat' dir='ltr'>in</span> <span class='ocrx_word' id='word_1_125' title='bbox 667 2237 726 2297; x_wconf 86' lang='lat' dir='ltr'>quo</span> <span class='ocrx_word' id='word_1_126' title='bbox 749 2219 932 2281; x_wconf 86' lang='lat' dir='ltr'>conficiendo</span> <span class='ocrx_word' id='word_1_127' title='bbox 954 2219 1086 2280; x_wconf 83' lang='lat' dir='ltr'>Krantcii</span> <span class='ocrx_word' id='word_1_128' title='bbox 1108 2221 1242 2298; x_wconf 85' lang='lat' dir='ltr'>catalogo</span> <span class='ocrx_word' id='word_1_129' title='bbox 1270 2239 1342 2281; x_wconf 84' lang='lat' dir='ltr'>usus</span> <span class='ocrx_word' id='word_1_130' title='bbox 1371 2227 1401 2280; x_wconf 89' lang='lat' dir='ltr'>et</span> <span class='ocrx_word' id='word_1_131' title='bbox 1421 2219 1620 2280; x_wconf 84' lang='lat' dir='ltr'>Francisci</span> <span class='ocrx_word' id='word_1_132' title='bbox 1641 2221 1787 2280; x_wconf 89' lang='lat' dir='ltr'>Passovv</span> 
     </span>
     <span class='ocr_line' id='line_1_14' title="bbox 378 2337 1788 2417; baseline -0.001 -16"><span class='ocrx_word' id='word_1_133' title='bbox 378 2338 489 2401; x_wconf 83' lang='lat' dir='ltr'>auxilio</span> <span class='ocrx_word' id='word_1_134' title='bbox 511 2339 631 2400; x_wconf 85' lang='lat' dir='ltr'>adiutus</span> <span class='ocrx_word' id='word_1_135' title='bbox 653 2345 707 2400; x_wconf 87' lang='lat' dir='ltr'>est.</span> <span class='ocrx_word' id='word_1_136' title='bbox 765 2337 824 2399; x_wconf 85' lang='lat' dir='ltr'>Sed</span> <span class='ocrx_word' id='word_1_137' title='bbox 846 2357 1025 2417; x_wconf 84' lang='lat' dir='ltr'>quamquam</span> <span class='ocrx_word' id='word_1_138' title='bbox 1039 2340 1207 2403; x_wconf 79' lang='lat' dir='ltr'>Passowius</span> <span class='ocrx_word' id='word_1_139' title='bbox 1228 2341 1323 2402; x_wconf 90' lang='lat' dir='ltr'>multa</span> <span class='ocrx_word' id='word_1_140' title='bbox 1344 2340 1431 2402; x_wconf 88' lang='lat' dir='ltr'>docte</span> <span class='ocrx_word' id='word_1_141' title='bbox 1455 2347 1484 2401; x_wconf 88' lang='lat' dir='ltr'>et</span> <span class='ocrx_word' id='word_1_142' title='bbox 1500 2338 1613 2400; x_wconf 88' lang='lat' dir='ltr'>erudite</span> <span class='ocrx_word' id='word_1_143' title='bbox 1629 2338 1788 2412; x_wconf 84' lang='lat' dir='ltr'>adnotavit,</span> 
     </span>
     <span class='ocr_line' id='line_1_15' title="bbox 379 2457 1789 2538; baseline -0.002 -17"><span class='ocrx_word' id='word_1_144' title='bbox 379 2468 479 2521; x_wconf 85' lang='lat' dir='ltr'>tamen</span> <span class='ocrx_word' id='word_1_145' title='bbox 500 2459 549 2520; x_wconf 91' lang='lat' dir='ltr'>hic</span> <span class='ocrx_word' id='word_1_146' title='bbox 571 2461 722 2538; x_wconf 85' lang='lat' dir='ltr'>catalogus</span> <span class='ocrx_word' id='word_1_147' title='bbox 743 2460 873 2520; x_wconf 88' lang='lat' dir='ltr'>multum</span> <span class='ocrx_word' id='word_1_148' title='bbox 893 2457 976 2520; x_wconf 88' lang='lat' dir='ltr'>abest</span> <span class='ocrx_word' id='word_1_149' title='bbox 998 2466 1032 2520; x_wconf 90' lang='lat' dir='ltr'>ut</span> <span class='ocrx_word' id='word_1_150' title='bbox 1053 2459 1185 2521; x_wconf 84' lang='lat' dir='ltr'>sufficiat.</span> <span class='ocrx_word' id='word_1_151' title='bbox 1229 2459 1322 2521; x_wconf 83' lang='lat' dir='ltr'>Multa</span> <span class='ocrx_word' id='word_1_152' title='bbox 1342 2459 1452 2522; x_wconf 89' lang='lat' dir='ltr'>omissa</span> <span class='ocrx_word' id='word_1_153' title='bbox 1472 2467 1552 2534; x_wconf 88' lang='lat' dir='ltr'>sunt,</span> <span class='ocrx_word' id='word_1_154' title='bbox 1575 2459 1670 2520; x_wconf 91' lang='lat' dir='ltr'>multa</span> <span class='ocrx_word' id='word_1_155' title='bbox 1692 2457 1789 2531; x_wconf 81' lang='lat' dir='ltr'>exilia,</span> 
     </span>
     <span class='ocr_line' id='line_1_16' title="bbox 378 2579 1789 2658; baseline -0.001 -19"><span class='ocrx_word' id='word_1_156' title='bbox 378 2579 474 2640; x_wconf 90' lang='lat' dir='ltr'>multa</span> <span class='ocrx_word' id='word_1_157' title='bbox 494 2579 576 2641; x_wconf 81' lang='lat' dir='ltr'>falsa.</span> <span class='ocrx_word' id='word_1_158' title='bbox 621 2580 716 2653; x_wconf 88' lang='lat' dir='ltr'>Quam</span> <span class='ocrx_word' id='word_1_159' title='bbox 735 2581 774 2640; x_wconf 90' lang='lat' dir='ltr'>ob</span> <span class='ocrx_word' id='word_1_160' title='bbox 797 2597 861 2641; x_wconf 89' lang='lat' dir='ltr'>rem</span> <span class='ocrx_word' id='word_1_161' title='bbox 882 2580 971 2658; x_wconf 84' lang='lat' dir='ltr'>plane</span> <span class='ocrx_word' id='word_1_162' title='bbox 993 2597 1068 2656; x_wconf 88' lang='lat' dir='ltr'>opus</span> <span class='ocrx_word' id='word_1_163' title='bbox 1091 2586 1154 2640; x_wconf 89' lang='lat' dir='ltr'>erat</span> <span class='ocrx_word' id='word_1_164' title='bbox 1186 2595 1263 2640; x_wconf 90' lang='lat' dir='ltr'>novo</span> <span class='ocrx_word' id='word_1_165' title='bbox 1294 2579 1428 2658; x_wconf 87' lang='lat' dir='ltr'>catalogo</span> <span class='ocrx_word' id='word_1_166' title='bbox 1461 2587 1599 2642; x_wconf 88' lang='lat' dir='ltr'>accurato</span> <span class='ocrx_word' id='word_1_167' title='bbox 1634 2586 1663 2640; x_wconf 88' lang='lat' dir='ltr'>ct</span> <span class='ocrx_word' id='word_1_168' title='bbox 1690 2579 1789 2658; x_wconf 88' lang='lat' dir='ltr'>pleno.</span> 
     </span>
     <span class='ocr_line' id='line_1_17' title="bbox 379 2696 1733 2780; baseline -0.001 -20"><span class='ocrx_word' id='word_1_169' title='bbox 379 2699 441 2762; x_wconf 88' lang='lat' dir='ltr'>Nos</span> <span class='ocrx_word' id='word_1_170' title='bbox 462 2698 513 2760; x_wconf 94' lang='lat' dir='ltr'>ubi</span> <span class='ocrx_word' id='word_1_171' title='bbox 534 2696 687 2760; x_wconf 87' lang='lat' dir='ltr'>Wachleri</span> <span class='ocrx_word' id='word_1_172' title='bbox 709 2701 842 2777; x_wconf 89' lang='lat' dir='ltr'>catalogo</span> <span class='ocrx_word' id='word_1_173' title='bbox 865 2699 911 2761; x_wconf 89' lang='lat' dir='ltr'>usi</span> <span class='ocrx_word' id='word_1_174' title='bbox 932 2717 1044 2774; x_wconf 87' lang='lat' dir='ltr'>sumus,</span> <span class='ocrx_word' id='word_1_175' title='bbox 1068 2699 1217 2780; x_wconf 88' lang='lat' dir='ltr'>adscripto</span> <span class='ocrx_word' id='word_1_176' title='bbox 1241 2700 1423 2774; x_wconf 88' lang='lat' dir='ltr'>„Wachl.“</span> <span class='ocrx_word' id='word_1_177' title='bbox 1446 2700 1476 2762; x_wconf 94' lang='lat' dir='ltr'>id</span> <span class='ocrx_word' id='word_1_178' title='bbox 1498 2698 1733 2779; x_wconf 76' lang='lat' dir='ltr'>significavimus.</span> 
     </span>
    </p>

    <p class='ocr_par' dir='ltr' id='par_1_4' title="bbox 381 2815 1793 3362">
     <span class='ocr_line' id='line_1_18' title="bbox 507 2815 1790 2898; baseline -0.002 -18"><span class='ocrx_word' id='word_1_179' title='bbox 507 2817 631 2881; x_wconf 90' lang='lat' dir='ltr'>Numeri</span> <span class='ocrx_word' id='word_1_180' title='bbox 646 2819 783 2881; x_wconf 89' lang='lat' dir='ltr'>codicum</span> <span class='ocrx_word' id='word_1_181' title='bbox 797 2837 872 2898; x_wconf 90' lang='lat' dir='ltr'>quos</span> <span class='ocrx_word' id='word_1_182' title='bbox 883 2815 1062 2881; x_wconf 89' lang='lat' dir='ltr'>Waohlerus</span> <span class='ocrx_word' id='word_1_183' title='bbox 1076 2821 1161 2882; x_wconf 85' lang='lat' dir='ltr'>affert</span> <span class='ocrx_word' id='word_1_184' title='bbox 1175 2826 1246 2883; x_wconf 88' lang='lat' dir='ltr'>sunt</span> <span class='ocrx_word' id='word_1_185' title='bbox 1260 2819 1281 2881; x_wconf 92' lang='lat' dir='ltr'>ii</span> <span class='ocrx_word' id='word_1_186' title='bbox 1295 2820 1402 2898; x_wconf 87' lang='lat' dir='ltr'>quihus</span> <span class='ocrx_word' id='word_1_187' title='bbox 1416 2817 1573 2882; x_wconf 86' lang='lat' dir='ltr'>Krantzius</span> <span class='ocrx_word' id='word_1_188' title='bbox 1587 2819 1680 2881; x_wconf 90' lang='lat' dir='ltr'>libros</span> <span class='ocrx_word' id='word_1_189' title='bbox 1693 2818 1790 2897; x_wconf 84' lang='lat' dir='ltr'>signa·</span> 
     </span>
     <span class='ocr_line' id='line_1_19' title="bbox 381 2939 1791 3019; baseline -0.001 -19"><span class='ocrx_word' id='word_1_190' title='bbox 381 2947 472 3001; x_wconf 88' lang='lat' dir='ltr'>verat.</span> <span class='ocrx_word' id='word_1_191' title='bbox 517 2939 576 3000; x_wconf 89' lang='lat' dir='ltr'>Sed</span> <span class='ocrx_word' id='word_1_192' title='bbox 597 2957 633 3000; x_wconf 92' lang='lat' dir='ltr'>eo</span> <span class='ocrx_word' id='word_1_193' title='bbox 656 2947 789 3018; x_wconf 89' lang='lat' dir='ltr'>tempore</span> <span class='ocrx_word' id='word_1_194' title='bbox 810 2940 869 3001; x_wconf 91' lang='lat' dir='ltr'>iam</span> <span class='ocrx_word' id='word_1_195' title='bbox 883 2940 948 3003; x_wconf 87' lang='lat' dir='ltr'>aliis</span> <span class='ocrx_word' id='word_1_196' title='bbox 963 2941 1096 3002; x_wconf 89' lang='lat' dir='ltr'>numeris</span> <span class='ocrx_word' id='word_1_197' title='bbox 1111 2940 1249 3003; x_wconf 87' lang='lat' dir='ltr'>instructi</span> <span class='ocrx_word' id='word_1_198' title='bbox 1264 2947 1350 3003; x_wconf 88' lang='lat' dir='ltr'>erant</span> <span class='ocrx_word' id='word_1_199' title='bbox 1364 2961 1382 3002; x_wconf 88' lang='lat' dir='ltr'>a</span> <span class='ocrx_word' id='word_1_200' title='bbox 1397 2942 1437 3003; x_wconf 92' lang='lat' dir='ltr'>lo.</span> <span class='ocrx_word' id='word_1_201' title='bbox 1453 2939 1586 3019; x_wconf 89' lang='lat' dir='ltr'>Theoph.</span> <span class='ocrx_word' id='word_1_202' title='bbox 1609 2940 1791 3012; x_wconf 87' lang='lat' dir='ltr'>Schummel,</span> 
     </span>
     <span class='ocr_line' id='line_1_20' title="bbox 382 3059 1793 3138; baseline -0.001 -17"><span class='ocrx_word' id='word_1_203' title='bbox 382 3059 433 3138; x_wconf 89' lang='lat' dir='ltr'>qui</span> <span class='ocrx_word' id='word_1_204' title='bbox 448 3077 528 3121; x_wconf 89' lang='lat' dir='ltr'>anno</span> <span class='ocrx_word' id='word_1_205' title='bbox 542 3060 623 3119; x_wconf 68' lang='lat'>1812</span> <span class='ocrx_word' id='word_1_206' title='bbox 637 3059 774 3122; x_wconf 88' lang='lat' dir='ltr'>codicum</span> <span class='ocrx_word' id='word_1_207' title='bbox 789 3061 926 3124; x_wconf 85' lang='lat' dir='ltr'>ordinem</span> <span class='ocrx_word' id='word_1_208' title='bbox 940 3069 970 3123; x_wconf 90' lang='lat' dir='ltr'>et</span> <span class='ocrx_word' id='word_1_209' title='bbox 984 3081 1126 3124; x_wconf 91' lang='lat' dir='ltr'>numeros</span> <span class='ocrx_word' id='word_1_210' title='bbox 1140 3062 1272 3124; x_wconf 88' lang='lat' dir='ltr'>mutavit.</span> <span class='ocrx_word' id='word_1_211' title='bbox 1316 3061 1452 3123; x_wconf 86' lang='lat' dir='ltr'>Tertium</span> <span class='ocrx_word' id='word_1_212' title='bbox 1465 3062 1571 3124; x_wconf 89' lang='lat' dir='ltr'>mutati</span> <span class='ocrx_word' id='word_1_213' title='bbox 1590 3069 1661 3124; x_wconf 90' lang='lat' dir='ltr'>sunt</span> <span class='ocrx_word' id='word_1_214' title='bbox 1675 3059 1793 3123; x_wconf 87' lang='lat' dir='ltr'>numeri</span> 
     </span>
     <span class='ocr_line' id='line_1_21' title="bbox 383 3179 1792 3262; baseline 0 -22"><span class='ocrx_word' id='word_1_215' title='bbox 383 3197 463 3240; x_wconf 88' lang='lat' dir='ltr'>anno</span> <span class='ocrx_word' id='word_1_216' title='bbox 482 3180 570 3253; x_wconf 86' lang='grc'><strong>1876,</strong></span> <span class='ocrx_word' id='word_1_217' title='bbox 583 3187 739 3258; x_wconf 87' lang='lat' dir='ltr'>postquam</span> <span class='ocrx_word' id='word_1_218' title='bbox 759 3179 955 3242; x_wconf 84' lang='lat' dir='ltr'>bibliothecae</span> <span class='ocrx_word' id='word_1_219' title='bbox 977 3181 1060 3261; x_wconf 90' lang='lat' dir='ltr'>prius</span> <span class='ocrx_word' id='word_1_220' title='bbox 1082 3190 1234 3261; x_wconf 85' lang='lat' dir='ltr'>separatae</span> <span class='ocrx_word' id='word_1_221' title='bbox 1255 3183 1286 3250; x_wconf 90' lang='lat' dir='ltr'>in</span> <span class='ocrx_word' id='word_1_222' title='bbox 1309 3203 1400 3248; x_wconf 83' lang='lat' dir='ltr'>unam</span> <span class='ocrx_word' id='word_1_223' title='bbox 1421 3203 1498 3262; x_wconf 85' lang='lat' dir='ltr'>quac</span> <span class='ocrx_word' id='word_1_224' title='bbox 1519 3201 1602 3246; x_wconf 90' lang='lat' dir='ltr'>nuno</span> <span class='ocrx_word' id='word_1_225' title='bbox 1624 3191 1669 3245; x_wconf 90' lang='lat' dir='ltr'>est</span> <span class='ocrx_word' id='word_1_226' title='bbox 1689 3180 1792 3244; x_wconf 91' lang='lat' dir='ltr'>biblio·</span> 
     </span>
     <span class='ocr_line' id='line_1_22' title="bbox 384 3297 958 3362; baseline 0.003 -2"><span class='ocrx_word' id='word_1_227' title='bbox 384 3299 502 3360; x_wconf 90' lang='lat' dir='ltr'>thecam</span> <span class='ocrx_word' id='word_1_228' title='bbox 522 3297 657 3360; x_wconf 83' lang='lat' dir='ltr'>urbicam</span> <span class='ocrx_word' id='word_1_229' title='bbox 678 3297 856 3361; x_wconf 86' lang='lat' dir='ltr'>coniunctae</span> <span class='ocrx_word' id='word_1_230' title='bbox 878 3308 958 3362; x_wconf 91' lang='lat' dir='ltr'>sunt.</span> 
     </span>
    </p>

    <p class='ocr_par' dir='ltr' id='par_1_5' title="bbox 383 3421 1798 4224">
     <span class='ocr_line' id='line_1_23' title="bbox 512 3421 1795 3514; baseline 0.001 -32"><span class='ocrx_word' id='word_1_231' title='bbox 512 3422 613 3498; x_wconf 81' lang='lat' dir='ltr'>ltaque</span> <span class='ocrx_word' id='word_1_232' title='bbox 635 3439 691 3482; x_wconf 90' lang='lat' dir='ltr'>nos</span> <span class='ocrx_word' id='word_1_233' title='bbox 711 3421 794 3483; x_wconf 90' lang='lat' dir='ltr'>hunc</span> <span class='ocrx_word' id='word_1_234' title='bbox 816 3423 983 3499; x_wconf 81' lang='lat' dir='ltr'>catalogum</span> <span class='ocrx_word' id='word_1_235' title='bbox 1004 3421 1045 3484; x_wconf 89' lang='lat' dir='ltr'>ita</span> <span class='ocrx_word' id='word_1_236' title='bbox 1066 3423 1258 3514; x_wconf 80' lang='lat' dir='ltr'>instituimus,</span> <span class='ocrx_word' id='word_1_237' title='bbox 1281 3431 1315 3485; x_wconf 92' lang='lat' dir='ltr'>ut</span> <span class='ocrx_word' id='word_1_238' title='bbox 1336 3423 1462 3502; x_wconf 86' lang='lat' dir='ltr'>singulis</span> <span class='ocrx_word' id='word_1_239' title='bbox 1483 3423 1566 3484; x_wconf 88' lang='lat' dir='ltr'>libris</span> <span class='ocrx_word' id='word_1_240' title='bbox 1580 3421 1795 3502; x_wconf 87' lang='lat' dir='ltr'>Rehdigeranis</span> 
     </span>
     <span class='ocr_line' id='line_1_24' title="bbox 383 3541 1794 3623; baseline 0.003 -24"><span class='ocrx_word' id='word_1_241' title='bbox 383 3555 635 3618; x_wconf 86' lang='lat' dir='ltr'>praeponeremus</span> <span class='ocrx_word' id='word_1_242' title='bbox 666 3547 729 3601; x_wconf 89' lang='lat' dir='ltr'>tres</span> <span class='ocrx_word' id='word_1_243' title='bbox 762 3559 835 3618; x_wconf 86' lang='lat' dir='ltr'>quas</span> <span class='ocrx_word' id='word_1_244' title='bbox 862 3541 973 3604; x_wconf 89' lang='lat' dir='ltr'>habent</span> <span class='ocrx_word' id='word_1_245' title='bbox 1002 3551 1031 3604; x_wconf 91' lang='lat' dir='ltr'>et</span> <span class='ocrx_word' id='word_1_246' title='bbox 1052 3544 1223 3605; x_wconf 86' lang='lat' dir='ltr'>habuerunt</span> <span class='ocrx_word' id='word_1_247' title='bbox 1244 3543 1423 3623; x_wconf 81' lang='lat' dir='ltr'>signatores.</span> <span class='ocrx_word' id='word_1_248' title='bbox 1467 3544 1567 3606; x_wconf 91' lang='lat' dir='ltr'>Primo</span> <span class='ocrx_word' id='word_1_249' title='bbox 1590 3546 1657 3606; x_wconf 93' lang='lat' dir='ltr'>loco</span> <span class='ocrx_word' id='word_1_250' title='bbox 1680 3543 1794 3622; x_wconf 90' lang='lat' dir='ltr'>positus</span> 
     </span>
     <span class='ocr_line' id='line_1_25' title="bbox 384 3661 1796 3742; baseline 0.001 -20"><span class='ocrx_word' id='word_1_251' title='bbox 384 3667 431 3722; x_wconf 87' lang='lat' dir='ltr'>est</span> <span class='ocrx_word' id='word_1_252' title='bbox 451 3677 595 3721; x_wconf 87' lang='lat' dir='ltr'>numerus</span> <span class='ocrx_word' id='word_1_253' title='bbox 617 3679 676 3737; x_wconf 91' lang='lat' dir='ltr'>quo</span> <span class='ocrx_word' id='word_1_254' title='bbox 699 3661 824 3738; x_wconf 86' lang='lat' dir='ltr'>quisque</span> <span class='ocrx_word' id='word_1_255' title='bbox 847 3664 941 3724; x_wconf 86' lang='lat' dir='ltr'>codex</span> <span class='ocrx_word' id='word_1_256' title='bbox 963 3681 1045 3724; x_wconf 92' lang='lat' dir='ltr'>nunc</span> <span class='ocrx_word' id='word_1_257' title='bbox 1067 3663 1200 3742; x_wconf 81' lang='lat' dir='ltr'>signatus</span> <span class='ocrx_word' id='word_1_258' title='bbox 1225 3671 1278 3726; x_wconf 87' lang='lat' dir='ltr'>est.</span> <span class='ocrx_word' id='word_1_259' title='bbox 1322 3666 1360 3726; x_wconf 92' lang='lat' dir='ltr'>Hi</span> <span class='ocrx_word' id='word_1_260' title='bbox 1382 3665 1500 3726; x_wconf 88' lang='lat' dir='ltr'>numeri</span> <span class='ocrx_word' id='word_1_261' title='bbox 1523 3683 1588 3728; x_wconf 87' lang='lat' dir='ltr'>eam</span> <span class='ocrx_word' id='word_1_262' title='bbox 1608 3666 1647 3726; x_wconf 92' lang='lat' dir='ltr'>ob</span> <span class='ocrx_word' id='word_1_263' title='bbox 1676 3681 1796 3726; x_wconf 85' lang='lat' dir='ltr'>causam</span> 
     </span>
     <span class='ocr_line' id='line_1_26' title="bbox 386 3779 1796 3860; baseline 0.004 -20"><span class='ocrx_word' id='word_1_264' title='bbox 386 3799 447 3840; x_wconf 90' lang='lat' dir='ltr'>non</span> <span class='ocrx_word' id='word_1_265' title='bbox 470 3787 541 3842; x_wconf 89' lang='lat' dir='ltr'>sunt</span> <span class='ocrx_word' id='word_1_266' title='bbox 563 3779 705 3854; x_wconf 88' lang='lat' dir='ltr'>continui,</span> <span class='ocrx_word' id='word_1_267' title='bbox 729 3781 809 3860; x_wconf 90' lang='lat' dir='ltr'>quod</span> <span class='ocrx_word' id='word_1_268' title='bbox 823 3782 928 3844; x_wconf 85' lang='lat' dir='ltr'>Graeci</span> <span class='ocrx_word' id='word_1_269' title='bbox 950 3783 1068 3846; x_wconf 89' lang='lat' dir='ltr'>codices</span> <span class='ocrx_word' id='word_1_270' title='bbox 1082 3783 1114 3844; x_wconf 95' lang='lat' dir='ltr'>in</span> <span class='ocrx_word' id='word_1_271' title='bbox 1135 3781 1314 3847; x_wconf 86' lang='lat' dir='ltr'>bibliotheca</span> <span class='ocrx_word' id='word_1_272' title='bbox 1327 3785 1439 3848; x_wconf 86' lang='lat' dir='ltr'>Latinis</span> <span class='ocrx_word' id='word_1_273' title='bbox 1459 3783 1543 3846; x_wconf 86' lang='lat' dir='ltr'>mixti</span> <span class='ocrx_word' id='word_1_274' title='bbox 1565 3791 1644 3848; x_wconf 86' lang='lat' dir='ltr'>sunt.</span> <span class='ocrx_word' id='word_1_275' title='bbox 1677 3784 1796 3846; x_wconf 86' lang='lat' dir='ltr'>Litteris</span> 
     </span>
     <span class='ocr_line' id='line_1_27' title="bbox 384 3898 1797 3989; baseline 0.004 -29"><span class='ocrx_word' id='word_1_276' title='bbox 384 3898 593 3962; x_wconf 89' lang='lat' dir='ltr'>minutioribus</span> <span class='ocrx_word' id='word_1_277' title='bbox 625 3900 703 3960; x_wconf 84' lang='lat' dir='ltr'>infra</span> <span class='ocrx_word' id='word_1_278' title='bbox 741 3919 901 3964; x_wconf 89' lang='lat' dir='ltr'>numerum</span> <span class='ocrx_word' id='word_1_279' title='bbox 937 3904 988 3982; x_wconf 90' lang='lat' dir='ltr'>qui</span> <span class='ocrx_word' id='word_1_280' title='bbox 1023 3925 1106 3968; x_wconf 90' lang='lat' dir='ltr'>nunc</span> <span class='ocrx_word' id='word_1_281' title='bbox 1140 3914 1185 3969; x_wconf 88' lang='lat' dir='ltr'>est</span> <span class='ocrx_word' id='word_1_282' title='bbox 1212 3907 1315 3989; x_wconf 91' lang='lat' dir='ltr'>scripti</span> <span class='ocrx_word' id='word_1_283' title='bbox 1348 3915 1419 3969; x_wconf 89' lang='lat' dir='ltr'>suut</span> <span class='ocrx_word' id='word_1_284' title='bbox 1455 3906 1572 3968; x_wconf 90' lang='lat' dir='ltr'>numeri</span> <span class='ocrx_word' id='word_1_285' title='bbox 1598 3904 1797 3966; x_wconf 86' lang='lat' dir='ltr'>Krantzianus</span> 
     </span>
     <span class='ocr_line' id='line_1_28' title="bbox 385 4019 1798 4106; baseline 0.004 -26"><span class='ocrx_word' id='word_1_286' title='bbox 385 4019 485 4097; x_wconf 86' lang='lat' dir='ltr'>priore</span> <span class='ocrx_word' id='word_1_287' title='bbox 512 4020 590 4093; x_wconf 94' lang='lat' dir='ltr'>loco,</span> <span class='ocrx_word' id='word_1_288' title='bbox 623 4019 882 4084; x_wconf 85' lang='lat' dir='ltr'>Schummelianus</span> <span class='ocrx_word' id='word_1_289' title='bbox 896 4025 1070 4102; x_wconf 85' lang='lat' dir='ltr'>posteriore.</span> <span class='ocrx_word' id='word_1_290' title='bbox 1114 4027 1336 4106; x_wconf 84' lang='lat' dir='ltr'>Rehdigeranos</span> <span class='ocrx_word' id='word_1_291' title='bbox 1351 4027 1469 4089; x_wconf 89' lang='lat' dir='ltr'>codices</span> <span class='ocrx_word' id='word_1_292' title='bbox 1490 4035 1657 4106; x_wconf 85' lang='lat' dir='ltr'>sequuntur</span> <span class='ocrx_word' id='word_1_293' title='bbox 1679 4026 1798 4104; x_wconf 80' lang='lat' dir='ltr'>Magda-</span> 
     </span>
     <span class='ocr_line' id='line_1_29' title="bbox 384 4139 1442 4224; baseline 0.008 -24"><span class='ocrx_word' id='word_1_294' title='bbox 384 4139 492 4214; x_wconf 88' lang='lat' dir='ltr'>lenaei,</span> <span class='ocrx_word' id='word_1_295' title='bbox 513 4139 640 4219; x_wconf 89' lang='lat' dir='ltr'>singulis</span> <span class='ocrx_word' id='word_1_296' title='bbox 661 4139 794 4205; x_wconf 90' lang='lat' dir='ltr'>numeris</span> <span class='ocrx_word' id='word_1_297' title='bbox 815 4145 923 4219; x_wconf 82' lang='lat' dir='ltr'>notati3</span> <span class='ocrx_word' id='word_1_298' title='bbox 946 4165 1052 4224; x_wconf 84' lang='lat' dir='ltr'>agmen</span> <span class='ocrx_word' id='word_1_299' title='bbox 1075 4147 1219 4210; x_wconf 89' lang='lat' dir='ltr'>claudunt</span> <span class='ocrx_word' id='word_1_300' title='bbox 1240 4147 1442 4210; x_wconf 84' lang='lat' dir='ltr'>Fridericiani.</span> 
     </span>
    </p>

    <p class='ocr_par' dir='ltr' id='par_1_6' title="bbox 383 4261 1825 5072">
     <span class='ocr_line' id='line_1_30' title="bbox 512 4261 1825 4347; baseline 0.003 -25"><span class='ocrx_word' id='word_1_301' title='bbox 512 4261 552 4322; x_wconf 90' lang='lat' dir='ltr'>Ut</span> <span class='ocrx_word' id='word_1_302' title='bbox 573 4261 593 4322; x_wconf 92' lang='lat' dir='ltr'>ii</span> <span class='ocrx_word' id='word_1_303' title='bbox 615 4281 744 4340; x_wconf 86' lang='lat' dir='ltr'>quorum</span> <span class='ocrx_word' id='word_1_304' title='bbox 775 4263 899 4326; x_wconf 90' lang='lat' dir='ltr'>interest</span> <span class='ocrx_word' id='word_1_305' title='bbox 920 4263 1094 4346; x_wconf 82' lang='lat' dir='ltr'>intellegere</span> <span class='ocrx_word' id='word_1_306' title='bbox 1115 4270 1238 4347; x_wconf 85' lang='lat' dir='ltr'>possint,</span> <span class='ocrx_word' id='word_1_307' title='bbox 1261 4290 1279 4330; x_wconf 90' lang='lat' dir='ltr'>a</span> <span class='ocrx_word' id='word_1_308' title='bbox 1300 4287 1359 4346; x_wconf 88' lang='lat' dir='ltr'>quo</span> <span class='ocrx_word' id='word_1_309' title='bbox 1382 4267 1508 4346; x_wconf 88' lang='lat' dir='ltr'>quisque</span> <span class='ocrx_word' id='word_1_310' title='bbox 1529 4267 1604 4330; x_wconf 90' lang='lat' dir='ltr'>liber</span> <span class='ocrx_word' id='word_1_311' title='bbox 1632 4265 1799 4345; x_wconf 87' lang='lat' dir='ltr'>descriptus</span> <span class='ocrx_word' id='word_1_312' title='bbox 1821 4313 1825 4325; x_wconf 89' lang='lat'>.</span> 
     </span>
     <span class='ocr_line' id='line_1_31' title="bbox 386 4381 1798 4463; baseline 0.004 -21"><span class='ocrx_word' id='word_1_313' title='bbox 386 4381 440 4456; x_wconf 89' lang='lat' dir='ltr'>sit,</span> <span class='ocrx_word' id='word_1_314' title='bbox 478 4381 633 4443; x_wconf 90' lang='lat' dir='ltr'>nominum</span> <span class='ocrx_word' id='word_1_315' title='bbox 670 4383 759 4462; x_wconf 81' lang='lat' dir='ltr'>siglas</span> <span class='ocrx_word' id='word_1_316' title='bbox 791 4385 956 4448; x_wconf 84' lang='lat' dir='ltr'>suffiximus</span> <span class='ocrx_word' id='word_1_317' title='bbox 987 4389 1055 4450; x_wconf 85' lang='lat' dir='ltr'>has:</span> <span class='ocrx_word' id='word_1_318' title='bbox 1109 4385 1169 4452; x_wconf 82' lang='lat' dir='ltr'>Fr.</span> <span class='ocrx_word' id='word_1_319' title='bbox 1202 4415 1242 4442; x_wconf 62' lang='grc' dir='ltr'>ε</span> <span class='ocrx_word' id='word_1_320' title='bbox 1274 4388 1490 4463; x_wconf 84' lang='lat' dir='ltr'>Frendenthal,</span> <span class='ocrx_word' id='word_1_321' title='bbox 1527 4383 1568 4454; x_wconf 76' lang='lat' dir='ltr'>G.</span> <span class='ocrx_word' id='word_1_322' title='bbox 1602 4415 1642 4441; x_wconf 88' lang='lat'>==</span> <span class='ocrx_word' id='word_1_323' title='bbox 1676 4388 1798 4462; x_wconf 85' lang='lat' dir='ltr'>Geisler,</span> 
     </span>
     <span class='ocr_line' id='line_1_32' title="bbox 387 4495 1798 4583; baseline 0.006 -21"><span class='ocrx_word' id='word_1_324' title='bbox 387 4496 431 4564; x_wconf 82' lang='lat' dir='ltr'>lt.</span> <span class='ocrx_word' id='word_1_325' title='bbox 455 4525 494 4553; x_wconf 84' lang='lat'>=</span> <span class='ocrx_word' id='word_1_326' title='bbox 516 4501 671 4580; x_wconf 78' lang='lat' dir='ltr'>Marlrgrai,</span> <span class='ocrx_word' id='word_1_327' title='bbox 701 4500 778 4568; x_wconf 81' lang='lat' dir='ltr'>ltta.</span> <span class='ocrx_word' id='word_1_328' title='bbox 798 4529 837 4560; x_wconf 79' lang='lat'>==</span> <span class='ocrx_word' id='word_1_329' title='bbox 857 4495 1088 4583; x_wconf 65' lang='lat' dir='ltr'>Reitzenstein,</span> <span class='ocrx_word' id='word_1_330' title='bbox 1104 4504 1169 4574; x_wconf 81' lang='lat' dir='ltr'>lto.</span> <span class='ocrx_word' id='word_1_331' title='bbox 1192 4535 1231 4563; x_wconf 90' lang='lat'><strong><em>=</em></strong></span> <span class='ocrx_word' id='word_1_332' title='bbox 1250 4509 1411 4582; x_wconf 90' lang='lat' dir='ltr'>Rossbach,</span> <span class='ocrx_word' id='word_1_333' title='bbox 1442 4505 1518 4577; x_wconf 82' lang='lat' dir='ltr'>scd.</span> <span class='ocrx_word' id='word_1_334' title='bbox 1541 4536 1581 4562; x_wconf 90' lang='lat'>=</span> <span class='ocrx_word' id='word_1_335' title='bbox 1602 4509 1798 4582; x_wconf 87' lang='lat' dir='ltr'>Studemund,</span> 
     </span>
     <span class='ocr_line' id='line_1_33' title="bbox 389 4615 1800 4708; baseline 0.001 -22"><span class='ocrx_word' id='word_1_336' title='bbox 389 4615 466 4686; x_wconf 68' lang='lat' dir='ltr'>Sili.</span> <span class='ocrx_word' id='word_1_337' title='bbox 482 4649 522 4675; x_wconf 64' lang='grc' dir='ltr'><strong><em>π</em></strong></span> <span class='ocrx_word' id='word_1_338' title='bbox 545 4622 674 4703; x_wconf 75' lang='lat' dir='ltr'>Stanjek&#39;,</span> <span class='ocrx_word' id='word_1_339' title='bbox 698 4623 737 4689; x_wconf 77' lang='grc' dir='ltr'>Τ.</span> <span class='ocrx_word' id='word_1_340' title='bbox 753 4651 794 4680; x_wconf 68' lang='grc' dir='ltr'>τ·-</span> <span class='ocrx_word' id='word_1_341' title='bbox 809 4628 899 4703; x_wconf 86' lang='lat' dir='ltr'>Treu,</span> <span class='ocrx_word' id='word_1_342' title='bbox 922 4625 960 4692; x_wconf 83' lang='grc' dir='ltr'>Ζ.</span> <span class='ocrx_word' id='word_1_343' title='bbox 975 4655 1014 4682; x_wconf 93' lang='lat'><strong><em>=</em></strong></span> <span class='ocrx_word' id='word_1_344' title='bbox 1032 4630 1154 4690; x_wconf 89' lang='lat' dir='ltr'>Zaeher.</span> <span class='ocrx_word' id='word_1_345' title='bbox 1202 4630 1405 4708; x_wconf 85' lang='lat' dir='ltr'>Quaecunque</span> <span class='ocrx_word' id='word_1_346' title='bbox 1421 4648 1458 4690; x_wconf 85' lang='lat' dir='ltr'>ex</span> <span class='ocrx_word' id='word_1_347' title='bbox 1469 4629 1620 4692; x_wconf 88' lang='lat' dir='ltr'>codicibus</span> <span class='ocrx_word' id='word_1_348' title='bbox 1634 4631 1800 4692; x_wconf 83' lang='lat' dir='ltr'>afferuntur</span> 
     </span>
     <span class='ocr_line' id='line_1_34' title="bbox 383 4739 1801 4839; baseline 0.008 -39"><span class='ocrx_word' id='word_1_349' title='bbox 383 4740 448 4801; x_wconf 88' lang='lat' dir='ltr'>-sive</span> <span class='ocrx_word' id='word_1_350' title='bbox 463 4739 576 4804; x_wconf 84' lang='lat' dir='ltr'>Graeca</span> <span class='ocrx_word' id='word_1_351' title='bbox 596 4742 656 4804; x_wconf 90' lang='lat' dir='ltr'>sive</span> <span class='ocrx_word' id='word_1_352' title='bbox 671 4744 774 4839; x_wconf 83' lang='lat' dir='ltr'>Latina</span> <span class='ocrx_word' id='word_1_353' title='bbox 794 4753 952 4826; x_wconf 87' lang='lat' dir='ltr'>postquam</span> <span class='ocrx_word' id='word_1_354' title='bbox 966 4749 1040 4828; x_wconf 85' lang='lat' dir='ltr'>typis</span> <span class='ocrx_word' id='word_1_355' title='bbox 1062 4769 1203 4830; x_wconf 86' lang='lat' dir='ltr'>expressa</span> <span class='ocrx_word' id='word_1_356' title='bbox 1224 4759 1295 4812; x_wconf 88' lang='lat' dir='ltr'>sunt</span> <span class='ocrx_word' id='word_1_357' title='bbox 1308 4751 1354 4812; x_wconf 91' lang='lat' dir='ltr'>bis</span> <span class='ocrx_word' id='word_1_358' title='bbox 1368 4758 1450 4812; x_wconf 88' lang='lat' dir='ltr'>terve</span> <span class='ocrx_word' id='word_1_359' title='bbox 1473 4770 1542 4814; x_wconf 91' lang='lat' dir='ltr'>cum</span> <span class='ocrx_word' id='word_1_360' title='bbox 1562 4751 1634 4830; x_wconf 88' lang='lat' dir='ltr'>ipsis</span> <span class='ocrx_word' id='word_1_361' title='bbox 1649 4749 1801 4812; x_wconf 90' lang='lat' dir='ltr'>codicibus</span> 
     </span>
     <span class='ocr_line' id='line_1_35' title="bbox 383 4861 1801 4960; baseline 0.006 -38"><span class='ocrx_word' id='word_1_362' title='bbox 383 4861 580 4938; x_wconf 85' lang='lat' dir='ltr'>contulimus,</span> <span class='ocrx_word' id='word_1_363' title='bbox 615 4883 739 4943; x_wconf 85' lang='lat' dir='ltr'>eamque</span> <span class='ocrx_word' id='word_1_364' title='bbox 760 4867 798 4927; x_wconf 93' lang='lat' dir='ltr'>ob</span> <span class='ocrx_word' id='word_1_365' title='bbox 820 4887 885 4930; x_wconf 88' lang='lat' dir='ltr'>rem</span> <span class='ocrx_word' id='word_1_366' title='bbox 906 4872 1091 4960; x_wconf 85' lang='lat' dir='ltr'>superfluum</span> <span class='ocrx_word' id='word_1_367' title='bbox 1111 4871 1208 4934; x_wconf 90' lang='lat' dir='ltr'>visum</span> <span class='ocrx_word' id='word_1_368' title='bbox 1229 4880 1283 4946; x_wconf 87' lang='lat' dir='ltr'>est,</span> <span class='ocrx_word' id='word_1_369' title='bbox 1308 4872 1478 4951; x_wconf 87' lang='lat' dir='ltr'>ubicunque</span> <span class='ocrx_word' id='word_1_370' title='bbox 1499 4873 1611 4951; x_wconf 87' lang='lat' dir='ltr'>aliquid</span> <span class='ocrx_word' id='word_1_371' title='bbox 1639 4873 1670 4934; x_wconf 91' lang='lat' dir='ltr'>in</span> <span class='ocrx_word' id='word_1_372' title='bbox 1699 4870 1801 4932; x_wconf 91' lang='lat' dir='ltr'>codice</span> 
     </span>
     <span class='ocr_line' id='line_1_36' title="bbox 389 4983 1802 5072; baseline 0.008 -30"><span class='ocrx_word' id='word_1_373' title='bbox 389 4983 532 5044; x_wconf 90' lang='lat' dir='ltr'>mendose</span> <span class='ocrx_word' id='word_1_374' title='bbox 556 4985 701 5063; x_wconf 87' lang='lat' dir='ltr'>scriptum</span> <span class='ocrx_word' id='word_1_375' title='bbox 723 4996 782 5062; x_wconf 89' lang='lat' dir='ltr'>est,</span> <span class='ocrx_word' id='word_1_376' title='bbox 815 4992 952 5052; x_wconf 88' lang='lat' dir='ltr'>voculam</span> <span class='ocrx_word' id='word_1_377' title='bbox 978 4991 1085 5067; x_wconf 87' lang='lat' dir='ltr'>„sic“</span> <span class='ocrx_word' id='word_1_378' title='bbox 1109 5013 1268 5072; x_wconf 88' lang='lat' dir='ltr'>apponere.</span> <span class='ocrx_word' id='word_1_379' title='bbox 1323 4995 1425 5072; x_wconf 86' lang='lat' dir='ltr'>ltaque</span> <span class='ocrx_word' id='word_1_380' title='bbox 1453 4994 1597 5072; x_wconf 84' lang='lat' dir='ltr'>quidquid</span> <span class='ocrx_word' id='word_1_381' title='bbox 1626 4993 1657 5053; x_wconf 91' lang='lat' dir='ltr'>in</span> <span class='ocrx_word' id='word_1_382' title='bbox 1683 4993 1802 5054; x_wconf 84' lang='lat' dir='ltr'>Graecis</span> 
     </span>
    </p>
   </div>
   <div class='ocr_carea' id='block_1_3' title="bbox 389 5105 1728 5192">
    <p class='ocr_par' dir='ltr' id='par_1_7' title="bbox 389 5105 1728 5192">
     <span class='ocr_line' id='line_1_37' title="bbox 389 5105 1728 5192; baseline 0.007 -28"><span class='ocrx_word' id='word_1_383' title='bbox 389 5105 565 5167; x_wconf 90' lang='lat' dir='ltr'>mendosum</span> <span class='ocrx_word' id='word_1_384' title='bbox 586 5125 651 5167; x_wconf 91' lang='lat' dir='ltr'>esse</span> <span class='ocrx_word' id='word_1_385' title='bbox 665 5105 789 5182; x_wconf 89' lang='lat' dir='ltr'>videtur,</span> <span class='ocrx_word' id='word_1_386' title='bbox 813 5107 843 5168; x_wconf 91' lang='lat' dir='ltr'>id</span> <span class='ocrx_word' id='word_1_387' title='bbox 864 5109 896 5170; x_wconf 88' lang='lat' dir='ltr'>in</span> <span class='ocrx_word' id='word_1_388' title='bbox 919 5111 1022 5174; x_wconf 91' lang='lat' dir='ltr'>codice</span> <span class='ocrx_word' id='word_1_389' title='bbox 1043 5113 1086 5174; x_wconf 85' lang='lat' dir='ltr'>sic</span> <span class='ocrx_word' id='word_1_390' title='bbox 1108 5111 1253 5190; x_wconf 88' lang='lat' dir='ltr'>scriptum</span> <span class='ocrx_word' id='word_1_391' title='bbox 1274 5121 1390 5176; x_wconf 86' lang='lat' dir='ltr'>exstare</span> <span class='ocrx_word' id='word_1_392' title='bbox 1412 5131 1589 5192; x_wconf 86' lang='lat' dir='ltr'>persuasum</span> <span class='ocrx_word' id='word_1_393' title='bbox 1610 5111 1728 5175; x_wconf 84' lang='lat' dir='ltr'>habeas.</span> 
     </span>
    </p>
   </div>
   <div class='ocr_carea' id='block_1_4' title="bbox 1614 5247 1651 5313">
    <p class='ocr_par' dir='ltr' id='par_1_8' title="bbox 1614 5247 1651 5313">
     <span class='ocr_line' id='line_1_38' title="bbox 1614 5247 1651 5313; baseline 0 0"><span class='ocrx_word' id='word_1_394' title='bbox 1614 5247 1651 5313; x_wconf 80' lang='lat' dir='ltr'>Z.</span> 
     </span>
    </p>
   </div>
   <div class='ocr_carea' id='block_1_5' title="bbox 0 0 2011 6148">
    <p class='ocr_par' dir='ltr' id='par_1_9' title="bbox 0 0 2011 6148">
     <span class='ocr_line' id='line_1_39' title="bbox 0 0 2011 6148; baseline 0 0"><span class='ocrx_word' id='word_1_395' title='bbox 0 0 2011 6148; x_wconf 95' lang='lat' dir='ltr'> </span> 
     </span>
    </p>
   </div>
  </div>
 </body>
</html>
