3962 6150
381 617 421 682 76
809 617 818 638 ’
923 617 988 671 Cod.
1007 619 1096 673 Rehd.
1114 619 1172 673 501.
1191 619 1250 673 aba.

380 843 440 908 Est
462 842 561 925 igitur
587 848 666 926 post
693 846 916 927 praemissum
945 849 1180 930 compendium
1209 851 1411 917 elementare
1434 837 1621 919 accuratior
1645 855 1802 919 eiusdem

380 965 428 1030 rei
457 965 628 1046 tractatio,
657 970 694 1031 ut
721 968 893 1033 Theodori
921 969 1028 1034 Gazae
1056 972 1142 1036 liber
1169 972 1197 1035 II
1223 976 1302 1054 post
1328 973 1386 1039 lib.
1409 975 1431 1038 I.
1483 974 1524 1037 Et
1552 975 1587 1038 in
1614 976 1681 1039 hac
1705 978 1802 1058 parte

380 1088 496 1150 auctor
518 1087 690 1152 hominem
704 1090 742 1151 ut
756 1088 963 1170 temporibus
987 1090 1052 1154 illis
1069 1091 1159 1156 haud
1182 1091 1355 1157 indoctum
1372 1113 1408 1158 se
1430 1093 1607 1175 praestitit.
1646 1094 1699 1158 Ex
1715 1093 1801 1176 ipsis

379 1209 528 1274 fontibus
545 1210 680 1274 Graecis
704 1229 778 1276 eum
801 1212 955 1278 hausisse
978 1213 1045 1279 iam
1069 1233 1108 1279 ea
1123 1235 1159 1280 re
1176 1214 1388 1298 Intellegitur,
1412 1215 1501 1297 quod
1515 1215 1802 1297 Latmoquidem

377 1330 481 1393 utitur
504 1349 670 1408 sermone,
694 1331 754 1395 sed
777 1332 973 1414 saepissime
996 1334 1122 1399 Graeca
1144 1336 1290 1401 auctoris
1321 1336 1371 1400 sui
1397 1337 1501 1400 verba
1528 1337 1680 1418 apponii,
1713 1355 1800 1418 quae

377 1450 413 1513 in
435 1450 589 1514 Latinum
613 1471 804 1517 sermonem
826 1453 1007 1518 transtulit.
1052 1454 1180 1533 Quibus
1202 1459 1317 1520 tamen
1346 1455 1538 1520 auctoribus
1560 1475 1641 1519 usus
1667 1456 1722 1534 sit,
1748 1457 1799 1521 iu·

378 1570 542 1652 vestigare
565 1591 634 1636 non
657 1573 750 1654 potui
772 1577 906 1655 praeter
926 1574 1048 1638 Aldum
1071 1576 1264 1656 Manutium,
1289 1576 1415 1641 eouius
1438 1576 1673 1640 Grammaticis
1700 1576 1800 1641 insti-

377 1691 560 1758 tutionibus
595 1693 730 1758 Graecis
765 1694 854 1758 haud
887 1713 993 1777 pauca
1027 1695 1223 1778 desumpsit.
1280 1697 1347 1762 Sed
1380 1698 1484 1762 multa
1516 1697 1654 1780 proprio
1690 1698 1799 1762 Marte

377 1811 554 1876 novavisse
589 1812 734 1892 videtur,
772 1814 877 1879 multa
914 1835 931 1879 e
965 1816 1113 1880 tontibus
1152 1817 1388 1883 remotioribus
1426 1819 1596 1897 hausisse,
1634 1838 1722 1900 quae
1762 1819 1797 1881 in

376 1932 602 2012 grammaticis
637 1933 725 1998 illius
759 1935 920 2016 temporis
954 1937 1096 2018 vulgatis
1125 1938 1250 2004 frustra
1277 1938 1477 2022 quaesieris,
1505 1939 1596 2004 velut
1629 1959 1718 2022 quae
1755 1940 1796 2004 de

377 2051 595 2117 dlalectorum
619 2054 822 2119 Graecorum
844 2054 961 2120 formis
985 2057 1091 2135 affert,
1115 2063 1148 2122 et
1170 2058 1243 2123 alia.

503 2177 535 2255 3.
581 2191 637 2257 iol.
659 2192 839 2256 rto-134:
872 2194 1162 2276 paradigmata
1183 2173 1511 2261 declinationum
1536 2200 1573 2260 et
1595 2196 1795 2277 coniuga-

374 2310 533 2374 tionum
578 2309 835 2391 „EXEMPLA
879 2311 1294 2380 DEOLINATIONUM
1330 2313 1521 2380 NOmr'uum
1563 2310 1793 2398 Simplicium“

374 2430 456 2494 inc:
481 2429 665 2515 sterpetum
687 2431 730 2496 N.
754 2428 771 2495 ὃ
796 2431 920 2507 oriretur
1008 2435 1093 2499 des:
1117 2434 1149 2499 3.
1173 2434 1432 2518 δεδηλωσόμενος
1457 2439 1615 2501 ΤΕΛΟΣ.

502 2567 535 2633 4.
580 2571 891 2637 fol.135V—139r:
941 2572 1147 2650 Quaedam
1187 2575 1234 2638 de
1277 2575 1485 2656 nominum
1523 2575 1792 2640 formatione.

374 2687 462 2767 „DE
491 2687 853 2755 PATRONYMlete.“
941 2692 1021 2757 inu:
1049 2691 1293 2777 Πατρωνυμικὰ
1326 2692 1367 2758 τὰ
1394 2691 1461 2758 ἀπὸ
1490 2691 1614 2777 πατρὸς
1704 2696 1792 2760 des:

375 2807 462 2873 Haec
483 2809 590 2874 omnio
611 2810 753 2876 reticent
773 2811 855 2892 quod
876 2816 921 2876 est
942 2811 980 2877 iu
996 2832 1134 2896 perseam
1156 2813 1250 2880 tertio
1265 2814 1433 2898 praeteriti
1448 2814 1582 2898 pussiuy‘.
1631 2818 1791 2879 ΤΕΛΟΣ.

375 2926 426 2993 stt
446 2929 516 2994 leus
538 2929 634 2995 Patri
655 2936 709 2996 etc.
734 2933 844 2998 ‚Haec
866 2934 991 3000 ¹similia
1014 2940 1092 3000 sunt
1115 2936 1173 3015 eis,
1204 2957 1288 3020 quae
1310 2937 1414 3001 Aldus
1437 2937 1541 3002 tradit
1570 2938 1626 3001 fol.
1649 2937 1789 3001 34-36.

502 3051 656 3117 Ceterum
688 3058 794 3119 scatet
821 3055 906 3119 liber
927 3056 1016 3120 vitiis
1047 3055 1251 3121 foedissimis
1275 3057 1309 3120 in
1333 3058 1478 3137 Graecis
1503 3062 1536 3122 et
1557 3057 1631 3122 aliis
1655 3078 1790 3140 quoque

373 3172 505 3236 indiciis
535 3171 753 3256 intellegitur,
776 3175 897 3240 librum
927 3178 969 3241 ab
997 3177 1135 3242 homine
1164 3177 1282 3242 Graeci
1309 3199 1428 3259 parurn
1449 3178 1558 3261 perito
1582 3178 1789 3261 descriptum

375 3313 450 3358 esse
474 3313 514 3359 ex
537 3297 689 3378 exemplo
714 3297 780 3361 iam
804 3296 886 3362 satis
909 3298 1082 3362 mendoso.
1164 3383 1166 3386 Ι
1578 3359 1579 3362 ,
1720 3333 1752 3388 z,

1027 3503 1122 3587 502.

500 3657 581 3721 Cod.
601 3659 740 3724 membr.
758 3677 844 3724 saec.
860 3660 968 3739 XVIII,
992 3660 1148 3725 foliorum
1171 3666 1422 3726 numeratorum
1443 3664 1494 3742 57,
1517 3664 1625 3730 forma
1647 3666 1788 3730 minIma

372 3777 628 3858 (0,ta5><0,082
644 3780 712 3862 m),
728 3780 783 3863 qui
800 3781 880 3844 olim
896 3781 958 3846 fult
971 3781 1133 3846 Friderioi
1148 3783 1267 3862 Haase,
1283 3787 1402 3865 postea
1416 3783 1593 3866 Augustini
1607 3787 1784 3851 Knoblich.

499 3916 699 3983 Continetur
722 3919 850 3984 codice:

499 4030 782 4123 „Erigolltplrov
803 4037 933 4123 συνέχον
955 4036 1082 4124 derisam
1103 4037 1246 4123 πρωῖνάς,
1275 4039 1443 4124 cerepum,
1465 4041 1525 4126 πρὸ
1548 4045 1602 4106 καὶ
1629 4045 1707 4128 μετὰ
1728 4044 1784 4128 τήν
1873 4105 1878 4113 ,
1972 4013 1973 4090 i

372 4155 593 4242 ἐξομολόγησιν
625 4155 685 4241 πρὸ
719 4160 774 4222 καὶ
805 4157 883 4244 μετὰ
915 4158 971 4243 τήν
1005 4157 1095 4245 ἁγίαν
1129 4161 1316 4246 ἱερουργίαν,
1350 4183 1404 4225 ναι
1437 4161 1639 4230 Ααολουθίαν
1671 4163 1710 4228 Α.
1744 4163 1781 4231 Π.

370 4273 540 4343 MAPIAS.
563 4279 618 4341 καὶ
640 4277 769 4355 αλλας.“
857 4280 936 4344 Ine:
970 4277 1097 4364 Δεησεις
1124 4301 1262 4365 πρωιναι.
1308 4280 1334 4345 Ο
1365 4282 1440 4359 θεας
1469 4304 1511 4359 εις
1540 4284 1691 4370 pontum
1725 4306 1783 4371 μου

368 4393 520 4481 πρόσχες·
609 4399 693 4463 des:
714 4397 767 4464 Στ.
790 4397 1071 4465 Αναπαυὲσθωσαν
1094 4400 1125 4466 ἐν
1147 4399 1264 4486 εἰρήνη.
1309 4399 1412 4467 Αποκ.
1457 4401 1558 4488 Αμήν.

497 4517 556 4582 Est
588 4518 674 4584 liber
705 4520 891 4602 liturgicuS,
930 4521 1022 4586 cuius
1060 4522 1240 4587 maximam
1275 4525 1406 4604 partem
1444 4523 1542 4590 elficit
1578 4525 1780 4591 breviarium

369 4637 563 4716 Marianum,
586 4640 759 4721 proprium
782 4644 815 4706 et
836 4641 1002 4724 priVatum
1025 4643 1059 4707 ln
1086 4663 1184 4708 usum
1208 4642 1414 4724 composItus
1438 4663 1457 4708 a
1485 4644 1605 4709 clerieo
1636 4647 1780 4728 quodam

368 4758 496 4824 ordinis
510 4759 543 4824 S.
560 4760 743 4841 Benedicti,
759 4762 880 4828 Silesio
896 4767 933 4828 ut
947 4763 1077 4828 videtur
1092 4766 1149 4827 aut
1163 4763 1314 4827 Bohemo
1331 4762 1542 4843 (invocantur
1558 4765 1647 4830 enim
1664 4766 1778 4832 Sancti

369 4879 569 4945 Benedictus
592 4882 783 4948 Bernardus
806 4884 1008 4949 Bertholdus
1031 4885 1173 4948 loannes
1188 4883 1468 4969 Nepomucenus),
1496 4886 1622 4953 Graeco
1646 4889 1779 4972 quidem

369 5020 534 5080 sermone,
559 5003 618 5066 sed
641 5003 754 5068 omnia
777 5023 794 5067 e
816 5005 935 5069 Latino
958 5005 1122 5069 translata
1145 5007 1237 5081 sunt;
1254 5004 1355 5070 etiam
1377 5006 1492 5088 hymni
1513 5007 1623 5072 Latini
1643 5009 1777 5075 Graecis

366 5121 519 5186 versibus
547 5123 629 5188 haut
656 5123 862 5206 Ineleganter
890 5123 1022 5202 redditi,
1051 5125 1140 5188 velut
1166 5143 1239 5206 pag.
1269 5127 1330 5190 31v
1358 5124 1459 5210 Χαῖρε
1480 5122 1592 5192 πόντου
1616 5126 1715 5214 ἀστήρ
1738 5157 1775 5183 --

367 5242 436 5308 Ave
458 5242 558 5308 Mans
582 5243 695 5309 Stella.
1712 5284 1742 5338 z,

870 5387 1273 5397 ———--—--——.—...
