3962 6150
287 599 329 664 86
848 600 914 653 Cod.
932 599 1062 656 Frideric.
1080 601 1105 654 1.
1123 602 1147 655 3.

289 841 369 878 orum
386 825 489 879 indolis
506 825 614 880 ratione
632 825 735 880 habite.
771 824 841 879 Nam
859 825 933 894 quod
952 841 1038 892 genus
1060 825 1168 880 dicendi
1185 825 1317 882 Lehrsius
1335 825 1467 881 Triclinio
1484 826 1624 894 proprium
1642 841 1705 879 esse

288 933 390 994 censet,
409 930 437 984 id
454 946 552 984 revera
569 931 693 984 Thomas
711 930 832 998 Magistri
852 930 993 998 proprium
1017 946 1078 984 esse
1100 930 1203 984 ibidem
1227 947 1289 999 pag.
1308 932 1359 984 616
1377 947 1440 999 sqq.
1459 931 1636 999 explanatum
1654 934 1705 995 est,

289 1035 362 1088 etin
381 1034 475 1088 codice
487 1034 611 1088 Triclinii
623 1050 724 1088 nomen
737 1034 858 1088 metricis
876 1037 984 1089 tantum
1002 1034 1231 1103 descriptionibus
1250 1038 1277 1088 et
1295 1034 1519 1089 adnotationibus
1538 1034 1706 1103 adscriptum

289 1143 339 1202 est,
359 1139 554 1192 commentario
572 1139 626 1208 ipsi
644 1139 843 1208 praescriptum
867 1140 902 1192 ad
920 1138 999 1208 Pytb.
1018 1139 1030 1193 l
1048 1139 1117 1193 illud
1140 1157 1187 1192 roo
1212 1156 1293 1192 αυτοο
1317 1156 1472 1206 οοφωτατου
1496 1157 1542 1192 του
1561 1143 1704 1207 μαγῑστρου

290 1247 362 1309 cett,
381 1244 416 1298 ad
434 1243 513 1312 Pyth.
531 1243 564 1298 Π.
582 1244 627 1298 III.
645 1244 681 1297 IV
698 1246 746 1297 τοῦ
765 1237 846 1297 αὐτοῦ
865 1244 968 1314 σχόλια,
987 1245 1069 1313 plane
1087 1245 1163 1299 utin
1182 1244 1296 1298 scholiis
1315 1246 1350 1298 ad
1369 1244 1506 1312 Olympia,
1525 1249 1553 1297 et
1569 1243 1640 1299 illud
1657 1246 1705 1296 rori

290 1344 370 1402 αὐτοῦ
389 1348 527 1418 respicere
545 1349 634 1413 adid,
654 1349 728 1416 quod
745 1348 774 1402 in
791 1350 881 1403 fronte
894 1349 978 1403 totius
992 1350 1094 1404 codicis
1113 1350 1233 1419 positum
1252 1354 1306 1404 est:
1324 1352 1371 1402 τοῦ
1389 1348 1543 1417 cogoscitur
1560 1351 1640 1416 161μᾶ
1658 1349 1706 1401 τοῦ

289 1456 432 1521 μαγίοτρου
456 1457 493 1518 εἰς
516 1456 639 1520 πίνδοιρον
662 1452 766 1521 σχόλια,
788 1454 850 1508 luce
873 1454 974 1508 clarius
993 1459 1042 1508 est.
1079 1455 1149 1508 Sunt
1170 1454 1252 1522 igitur
1270 1455 1340 1508 haec
1358 1453 1473 1517 scholia,
1497 1456 1527 1508 ut
1544 1457 1618 1507 recte
1635 1452 1704 1506 indi·

289 1557 361 1611 cavit
380 1557 538 1621 Schneider,
561 1558 958 1622 Thomanotricliniana3
983 1576 999 1612 6
1017 1558 1132 1612 scholiis
1151 1558 1253 1612 codicis
1274 1559 1302 1612 in
1322 1558 1449 1627 Olympia
1468 1574 1501 1612 ea
1518 1574 1548 1612 re
1568 1557 1704 1619 differunt,

289 1664 364 1732 quod
381 1662 641 1731 Moschopuleis
660 1666 786 1716 carent.
822 1661 950 1717 Ceterum
969 1664 1003 1716 de
1021 1663 1075 1717 hoc
1093 1663 1263 1718 scholiorum
1282 1679 1382 1731 genere
1401 1663 1473 1718 conf.
1491 1663 1644 1717 Mommsen
1661 1662 1705 1715 ed.

288 1767 350 1821 mai.
370 1784 432 1836 pag.
450 1767 523 1821 XXX
541 1769 604 1821 adn.
624 1768 681 1821 103.

411 1870 512 1924 Codice
539 1875 648 1939 praeter
676 1869 873 1924 Schneiderum
901 1874 928 1923 et
954 1871 1105 1924 zacherum
1132 1887 1199 1924 usus
1229 1874 1272 1925 est
1297 1869 1435 1939 Eugenius
1461 1870 1532 1924 Abel
1559 1869 1593 1939 (a.
1620 1870 1703 1940 1881).

290 1974 423 2029 Lehrsius
441 1991 504 2028 eum
522 1991 579 2028 non
597 1974 674 2043 vidit,
691 1990 783 2043 neque
800 1975 887 2043 magis
906 1975 1002 2043 Tycho
1021 1976 1181 2040 Mommsen,
1206 1976 1253 2044 qui
1275 1991 1339 2030 eum
1358 1975 1380 2027 ι”
1399 1980 1481 2030 νοο61
1498 1974 1570 2044 (pag.
1588 1975 1704 2030 XXXIV.

289 2079 386 2136 XXXV
404 2095 430 2134 n.
451 2078 510 2148 115)
529 2084 557 2133 et
574 2095 671 2148 parum
689 2084 764 2134 recte
782 2080 816 2133 de
835 2095 869 2133 eo
887 2081 979 2134 refert.
1638 2097 1669 2153 z,

982 2286 1015 2354 3.

411 2425 504 2479 Codex
528 2426 690 2479 chartaceus
708 2426 797 2480 forma
814 2426 936 2494 oblonga
953 2425 1073 2479 maxima
1090 2424 1299 2494 (030οΧ0105
1315 2425 1370 2496 m),
1389 2425 1519 2479 foliorum
1536 2427 1578 2490 61,
1598 2427 1704 2481 duabus

290 2530 414 2599 partibus
433 2533 549 2593 constat,
567 2529 731 2599 6116161161.
751 2530 846 2599 1-38)
865 2529 1092 2598 quaternionibus
1112 2533 1241 2597 quattuor
1260 2536 1288 2584 61
1304 2531 1438 2596 termene,
1463 2531 1539 2584 cuius
1563 2531 1615 2584 tria
1638 2531 1705 2584 folia

291 2638 413 2688 extrema
429 2650 517 2688 vacua
535 2637 607 2699 sunt,
626 2633 713 2688 altera
731 2634 789 2704 (fol.
807 2635 920 2705 39-61)
939 2635 1166 2703 quaternionibus
1184 2635 1279 2688 trihus.
1316 2635 1439 2704 Scriptus
1458 2638 1500 2688 est
1518 2636 1631 2689 saeculo
1644 2635 1705 2688 XVI

290 2739 325 2794 ab
343 2739 455 2793 homine
473 2738 564 2792 Latini
583 2738 718 2792 sermonis
736 2737 837 2807 perit0;
857 2738 963 2792 addidit
981 2737 1054 2792 enirn
1072 2737 1171 2791 Latina
1189 2738 1327 2805 quaedam
1345 2737 1373 2790 in
1391 2753 1476 2806 marg.
1496 2737 1544 2792 fol.
1563 2739 1605 2801 gr,
1624 2739 1683 2791 39r.

411 2877 591 2932 Continentur
608 2877 703 2930 codice
721 2878 802 2931 haec:

412 2998 441 3054 1.
478 2999 527 3052 iol.
548 2997 662 3052 1-35v:
687 2998 829 3052 Scholia
851 2998 883 3052 in
906 2999 1070 3054 Nicandri
1089 2999 1256 3054 Theriaca
1277 3016 1348 3054 vers.
1368 3001 1470 3055 1-933
1494 2999 1634 3068 ,ἐξήγησις
1657 2999 1707 3052 τῶν

288 3107 334 3157 τοῦ
353 3102 493 3170 νικοὶνδροο
512 3102 667 3171 0116661111
720 3103 863 3169 1116;ῥοῖοι
879 3107 912 3155 κέ
923 3118 976 3156 τοι·
991 3101 1110 3169 Ὁνοῦς·
1164 3105 1235 3159 des:
1254 3107 1334 3173 ἑπιθῆ
1353 3107 1389 3158 τῶ
1407 3103 1527 3173 τύμματι,
1545 3103 1705 3171 θεραπεύσει

288 3203 333 3261 τὸν
351 3211 522 3276 πληγένταε-
539 3207 671 3262 Additum
688 3207 743 3260 alia
760 3224 857 3262 manu:
876 3209 953 3272 τέλος
971 3211 1020 3276 τῆς
1037 3209 1083 3261 τοῦ
1101 3213 1241 3277 νικανδρου
1260 3209 1411 3278 ἐξηγήσεως
1428 3212 1602 3277 bagranum·
1625 3210 1704 3263 Prae-

292 3314 363 3367 cedit
386 3314 434 3366 fol.
456 3314 495 3366 ir:
519 3312 595 3365 Vita
612 3312 773 3367 Nicandri
798 3316 891 3380 ,γένος
912 3313 1051 3380 νικάνδροο
1075 3313 1216 3382 ποιητο1·“
1269 3315 1335 3369 inc:
1359 3318 1505 3383 Νίκανδρον
1529 3316 1573 3367 τὸν
1595 3315 1706 3383 ποιητὴν

291 3418 361 3470 des:
390 3417 476 3482 φυτῶν
500 3415 658 3485 ἰδιότητοςε·
686 3438 719 3464 =
748 3417 860 3470 Scholia
886 3416 914 3470 in
941 3417 1071 3471 Nicandri
1094 3417 1230 3472 Theriaca
1257 3435 1289 3472 ex
1317 3435 1371 3473 rec.
1398 3419 1508 3473 Henrici
1531 3419 1605 3483 Keil,
1635 3436 1706 3488 quae

289 3523 423 3576 accedunt
440 3521 654 3575 Nicandreorum
673 3521 786 3575 editioni
805 3522 840 3575 ab
860 3521 961 3576 Ottone
981 3522 1133 3577 Schneider
1151 3527 1269 3587 curatae,
1288 3523 1362 3592 Lips.
1383 3525 1457 3587 1856,
1476 3541 1538 3593 pag.
1556 3524 1652 3579 3-71.

410 3628 445 3681 Ut
463 3627 492 3680 in
510 3626 572 3680 aliis
592 3625 731 3680 codicibus
751 3631 778 3679 61
800 3627 829 3679 in
848 3626 1013 3680 editionibus
1031 3627 1178 3692 veteribus
1201 3627 1240 3681 ita
1259 3628 1341 3682 etiarn
1363 3629 1392 3682 in
1414 3629 1468 3682 hoc
1487 3628 1581 3682 codice
1607 3630 1707 3682 desunt

290 3731 397 3785 scholia
418 3731 446 3784 in
464 3731 599 3784 Theriaca
623 3732 687 3785 inde
711 3747 827 3785 eversu
845 3732 903 3796 934,
932 3748 1004 3799 quae
1027 3748 1060 3785 ex
1088 3732 1182 3786 codice
1201 3732 1333 3786 Vaticano
1357 3732 1461 3801 primus
1484 3732 1569 3786 edidit
1587 3733 1616 3786 F.
1635 3733 1655 3786 1.
1674 3732 1704 3786 G.

233 3839 236 3844 '
289 3837 317 3889 16
333 3836 465 3889 Ponte-du
482 3835 563 3889 Theil
578 3835 607 3889 in
623 3836 707 3890 libro:
726 3836 836 3889 Notices
850 3840 877 3889 et
895 3835 1007 3889 extraits
1026 3837 1075 3890 des
1093 3837 1257 3890 manuscrits
1277 3838 1311 3890 de
1329 3837 1358 3890 la
1369 3836 1436 3891 bibl.
1448 3837 1513 3905 imp.
1525 3807 1618 3890 Paris.
1639 3837 1706 3889 1810
1736 3866 1740 3874 ·

288 3945 362 3994 tome
373 3941 434 3994 VIII
446 3944 515 4009 part.
528 3940 544 3992 1
557 3957 618 4008 pag.
632 3941 683 3994 131
694 3957 735 4008 sq.
754 3941 832 3995 Conf.
846 3941 982 3996 Theriaca
992 3944 1034 3996 ed.
1048 3942 1067 3996 l.
1079 3942 1108 3996 G.
1120 3941 1272 3995 Schneider
1285 3942 1357 3995 Saxo
1371 3941 1481 4010 Lipsiae
1496 3942 1561 3994 1816
1575 3942 1660 4010 praes.
1673 3941 1705 3995 X.

409 4045 449 4097 De
461 4044 591 4098 Nicandri
609 4045 749 4098 codicibus
769 4045 898 4100 disseruit
910 4045 976 4100 Otto
991 4046 1143 4100 Schneider
1160 4047 1177 4100 1.
1191 4046 1209 4101 1,
1222 4063 1283 4115 pag.
1297 4043 1442 4100 111-116.
1480 4045 1580 4099 Similis
1599 4046 1707 4100 videtur

290 4164 352 4202 esse
376 4149 421 4202 hic
439 4151 526 4203 codex
550 4148 636 4202 codici
655 4149 741 4203 Paris.
760 4149 837 4214 1103,
863 4167 946 4219 quem
964 4169 1020 4206 non
1044 4169 1077 4205 ex
1096 4154 1194 4206 eodem
1218 4152 1294 4205 tonte
1318 4151 1429 4204 fluxisse
1449 4167 1480 4204 ac
1505 4153 1582 4206 codd.
1602 4151 1705 4206 Gottin-

291 4268 404 4320 gensem
423 4256 450 4306 et
467 4253 629 4307 Lorrienum
651 4254 686 4306 ab
708 4253 727 4307 1.
748 4253 777 4308 G.
797 4253 948 4308 Schneider
972 4255 1111 4309 adhibitos
1135 4255 1254 4310 affirmat
1276 4256 1308 4309 U.
1327 4255 1391 4309 Cats
1410 4255 1593 4310 Bussemaker
1616 4255 1645 4308 in
1661 4254 1705 4308 Ni·

290 4357 385 4410 candri
404 4357 573 4411 scholiorum
592 4357 720 4412 editionis
738 4359 903 4413 Didotianae
920 4359 1007 4413 Paris.
1028 4360 1095 4413 1819
1112 4360 1197 4429 praef.
1216 4376 1278 4428 pag.
1296 4359 1340 4413 IV.

412 4477 441 4535 1.
478 4479 525 4532 iol.
549 4480 705 4534 39r-60v:
732 4481 907 4536 Theodori
936 4482 1042 4536 Gazae
1069 4482 1159 4535 liber
1192 4483 1231 4536 de
1258 4481 1438 4535 mensibus
1467 4480 1620 4551 „teoooipou
1647 4483 1707 4547 περ1

291 4583 395 4652 μηνῶνιι
466 4583 532 4637 inc:
556 4585 611 4651 Πρὸ
631 4587 711 4652 ἔργου
735 4589 781 4653 μὲν
798 4590 845 4639 καὶ
862 4586 891 4638 τὸ
911 4587 959 4650 τοὶς
976 4582 1120 4654 ὀνομασίας
1144 4589 1239 4639 εἰδέναι
1262 4588 1313 4638 τῶν
1331 4587 1418 4653 μηνῶν
1488 4586 1558 4638 des:
1582 4583 1706 4652 τελευτὴν

290 4692 399 4756 εἵμαρτο
423 4693 523 4742 alvan·
546 4711 579 4736 =
602 4689 725 4758 Dionysii
749 4691 854 4745 Patavii
877 4691 911 4745 de
935 4691 1061 4745 doctrina
1083 4695 1245 4759 temporum,
1263 4689 1385 4742 Venetiis
1409 4689 1475 4742 1757
1499 4693 1564 4742 torn.
1583 4688 1619 4741 III
1643 4704 1706 4756 pag.

293 4794 437 4847 153-169.
484 4793 515 4847 In
546 4793 715 4862 marginibus
748 4795 823 4848 haud
850 4812 911 4849 raro
940 4799 1163 4863 argumentorum
1190 4794 1345 4848 summaria.
1392 4793 1518 4847 Praestat
1546 4793 1592 4845 hic
1619 4792 1707 4845 codex

291 4897 403 4952 editioni
421 4898 597 4953 Petavianae.
705 4945 709 4952 .

412 5001 523 5070 Spachii
543 5007 570 5055 et
587 5001 753 5070 Berneggeri
773 5003 860 5056 codex
883 5002 945 5065 luit;
969 5017 1034 5054 narn
1053 5001 1183 5070 scriptum
1202 5006 1245 5055 est
1266 5002 1295 5054 in
1313 5000 1457 5055 anterioris
1476 5000 1598 5068 operculi
1621 5001 1706 5053 latere

291 5106 433 5161 interiore:
453 5105 587 5162 Matthiae
605 5104 764 5176 Bernepgeri
780 5106 794 5160 1
811 5103 925 5160 biblioth.
943 5104 980 5158 D.
1002 5103 1118 5174 Spactii.
1136 5106 1214 5159 1616.

411 5210 498 5265 Nemo
517 5212 608 5265 adhuc
626 5212 720 5267 codice
738 5228 805 5265 usus
823 5211 930 5265 videtur
949 5226 1018 5264 esse.
1634 5241 1670 5298 G·
