3962 6150
797 623 862 676 cod.
881 623 969 676 neno.
989 625 1029 676 99.
1602 633 1639 694 ul

356 847 412 919 13.
457 849 677 916 Tractatus
706 852 996 933 grammaticus
1025 852 1245 936 inscriptione
1269 875 1395 922 carens,
1483 858 1563 922 inc:
1592 857 1644 922 τὸν

227 967 414 1058 βουλόμενον
440 970 637 1057 τεχνολογεῖν
666 972 704 1037 τὰ
731 970 807 1057 παρ’
838 969 957 1058 ὁμήρου
987 970 1122 1060 ῥήματα,
1150 972 1365 1062 προγυμνάσαι
1395 977 1460 1063 χρὴ
1494 979 1577 1042 κατὰ
1604 978 1643 1039 τὰ

225 1109 314 1174 κοινὰ
338 1104 463 1194 ῥήματα
550 1111 635 1176 199.;
659 1107 793 1195 ἐρατός·
817 1109 1068 1198 ἐριαταινόμενα·
1093 1113 1184 1179 ἔνθεν
1204 1112 1240 1178 οὐ
1261 1113 1312 1178 διὰ
1334 1121 1387 1180 τοῦ
1410 1125 1501 1182 t...
1525 1085 1640 1202 <stuttgtx

227 1228 318 1295 cilro:
341 1228 421 1294 οὕτω
443 1230 558 1295 καὶτὰ
580 1225 683 1296 λοιπαί.

355 1394 488 1461 Codicis
517 1395 671 1459 condicio
700 1414 769 1459 non
798 1400 850 1460 est
873 1396 1014 1479 optima;
1042 1416 1281 1480 permagnam
1305 1398 1394 1462 enim
1418 1398 1488 1464 eius
1511 1404 1641 1482 partem

226 1515 381 1581 librarius
410 1536 490 1581 usus
519 1519 571 1581 est
599 1520 787 1582 atramento
815 1517 940 1600 pallido
975 1521 1074 1601 atque
1108 1538 1197 1583 nunc
1230 1539 1337 1602 paene
1366 1520 1522 1598 evanida,
1552 1523 1642 1604 quod

230 1636 361 1718 saepius
384 1641 483 1720 atque
507 1636 671 1719 imprimis
695 1637 729 1701 in
754 1638 891 1703 scholiis
908 1639 1023 1704 oculos
1044 1639 1225 1720 legentium
1247 1640 1341 1705 fallit.
1387 1641 1549 1707 Exaratus
1566 1661 1640 1706 esse

224 1756 354 1821 videtur
381 1778 448 1822 una
477 1758 659 1841 eademque
688 1779 789 1823 manu
818 1758 897 1841 (nisi
926 1759 1012 1824 forte
1041 1759 1106 1825 alia
1134 1775 1237 1825 manu
1266 1760 1391 1843 scripta
1419 1765 1471 1826 est
1492 1757 1640 1839 ὑπόθεσις

224 1880 279 1962 τῆς
301 1875 376 1962 ὅλης
399 1874 524 1962 timber,
554 1881 696 1963 quaein
720 1880 893 1962 superiore
920 1885 1015 1963 parte
1042 1880 1114 1944 folii
1136 1883 1174 1945 dr
1189 1880 1343 1964 legitur).
1388 1882 1426 1945 ln
1452 1881 1523 1946 folii
1552 1884 1640 1966 mor,

224 1999 314 2081 quod
343 1999 461 2064 folium
491 2000 677 2066 recentiore
704 2001 870 2083 scriptura
897 2022 1010 2067 carere
1034 2022 1136 2084 snpra
1162 2001 1318 2081 diximus
1346 2006 1442 2084 parte
1467 2003 1638 2085 superiore

223 2139 343 2184 manus
366 2120 433 2198 illa,
458 2141 542 2204 quae
564 2120 701 2185 iliadem
724 2121 869 2204 scripsit,
892 2142 996 2187 unum
1020 2123 1173 2204 exiguum
1198 2122 1363 2187 scholium
1392 2124 1550 2203 exaravit,
1573 2124 1638 2188 alia

224 2240 301 2304 huic
329 2259 451 2306 coaeva
479 2261 597 2306 manus
619 2242 736 2320 verba,
760 2263 843 2325 quae
872 2242 907 2306 in
940 2242 1004 2307 fine
1027 2243 1098 2307 folii
1124 2244 1440 2323 heremannus
1469 2244 1638 2326 repetivit:

224 2358 304 2426 οὕτω
331 2363 386 2424 καὶ
407 2361 445 2425 τὰ
467 2361 561 2426 lornei
582 2363 637 2424 καὶ
659 2361 697 2426 τὰ
719 2359 822 2446 λοιπά,
846 2363 907 2428 sed
929 2385 968 2429 ea
989 2367 1108 2446 postea
1131 2385 1171 2428 ex
1199 2368 1295 2447 parte
1318 2365 1440 2429 delevit
1466 2369 1499 2429 et
1523 2386 1638 2447 super·

225 2482 374 2565 scripsit:
396 2483 440 2547 cni
453 2478 538 2568 λόγω
560 2481 667 2567 κυρίου
690 2482 719 2547 ot
733 2480 858 2568 οὐρανοὶ
873 2479 1113 2568 ἐστερεώθησαν
1126 2485 1182 2547 καὶ
1204 2485 1256 2567 (=
1273 2485 1395 2550 Psalm.
1413 2485 1502 2564 33‚6;
1527 2489 1637 2550 cetera
1723 2502 1729 2512 ·

226 2644 304 2705 sunt
319 2640 482 2722 abscissa)
506 2638 569 2724 ἐγώ
588 2609 657 2704 παπ
680 2583 750 2704 991
778 2639 833 2703 τοῦ
858 2610 926 2703 παπ
949 2637 1166 2724 Βαρθολομιος
1188 2639 1321 2724 ἔγραφα.
1367 2638 1448 2717 Quis
1468 2639 1524 2703 ille
1546 2640 1637 2705 Bar-

222 2761 444 2826 tholomius
460 2760 569 2838 fuerit,
585 2759 748 2836 nescitum
765 2760 824 2824 sed
835 2761 864 2824 N
871 2760 1025 2825 icolaus
1042 2757 1058 2822 6
1073 2755 1200 2836 πάπας
1215 2778 1301 2824 unus
1317 2759 1380 2824 fnit
1391 2780 1432 2824 ex
1445 2760 1565 2824 scribis
1582 2762 1637 2844 qui

223 2881 339 2946 Galeni
355 2881 505 2946 codicem
519 2880 780 2945 Laurentianum
795 2880 922 2944 LXXIV
941 2883 980 2945 10
995 2885 1229 2958 exaraverunt3
1253 2899 1332 2944 nam
1347 2880 1435 2945 inter
1451 2881 1636 2947 scribarum

223 3003 360 3067 nomina
388 3001 434 3066 ibi
468 3003 662 3066 enumerata
694 3000 814 3083 legitur
849 2998 865 3063 6
893 2996 998 3078 πάπας
1030 2997 1135 3084 κύριος
1167 2996 1311 3076 νιαόλαος
1344 3001 1444 3083 (conf.
1479 3001 1636 3067 Bandinii

223 3123 418 3206 Catalogum
451 3122 604 3186 codicum
637 3095 752 3188 Graelc.
789 3122 1013 3188 bibliothecae
1051 3123 1470 3189 Medice0·Laurentianae
1499 3124 1563 3188 vol.
1593 3125 1634 3188 III

88 3265 90 3269 ·
222 3263 295 3327 pag.
311 3245 375 3326 97).
420 3243 536 3308 Codex
551 3243 606 3308 ille
620 3244 863 3308 Laurentianus
880 3242 1046 3309 Bandinio
1062 3247 1148 3309 teste
1165 3246 1216 3308 est
1231 3244 1427 3308 chartaceus
1444 3263 1531 3308 saec.
1553 3245 1634 3309 XIV.

349 3389 421 3454 Hoc
443 3389 580 3454 Homeri
605 3390 718 3454 codice
740 3390 868 3472 primus
891 3411 972 3455 usus
996 3395 1047 3456 est
1070 3390 1106 3456 C.
1130 3391 1166 3455 G.
1189 3391 1341 3474 Heyne‚
1364 3389 1457 3455 cuius
1481 3391 1516 3454 in
1538 3411 1636 3456 usum

224 3529 300 3576 eum
334 3510 474 3574 contulit
505 3509 695 3574 Fridericus
728 3511 861 3588 lacobs;
896 3511 1001 3576 codex
1034 3512 1076 3575 ab
1110 3511 1238 3596 Heyuio
1267 3512 1452 3594 appellatus
1482 3513 1633 3577 Vrat.b

218 3651 339 3715 parum
382 3635 536 3696 accurate
575 3631 763 3714 descriptus
804 3636 854 3696 est
892 3632 927 3695 in
972 3631 1121 3696 eiusdem
1159 3631 1306 3697 editione
1344 3632 1482 3696 Homeri
1521 3631 1634 3696 Iliadis

219 3754 283 3818 vol.
312 3753 353 3816 HI
379 3773 452 3835 pag.
480 3752 652 3817 LXXXVII
674 3772 723 3834 sq.
774 3751 952 3834 Specimen
985 3751 1169 3834 scripturae
1197 3752 1296 3817 huius
1326 3752 1451 3818 codicis
1480 3773 1521 3817 ex
1548 3752 1634 3817 libro

219 3874 250 3938 H
277 3893 361 3938 vers.
393 3875 485 3937 l—8
515 3873 749 3955 depromptum
777 3891 855 3936 aere
884 3871 1027 3935 incisum
1057 3874 1166 3937 exstat
1195 3872 1230 3935 in
1257 3873 1372 3936 tabula
1397 3873 1427 3936 A
1455 3872 1569 3937 addita
1591 3873 1634 3937 ad

221 3994 370 4058 eiusdem
393 3993 551 4058 editionis
573 3994 730 4058 volumen
753 3994 774 4057 Ι.
818 3992 947 4075 Heynio
970 3991 1069 4056 huius
1086 3992 1211 4057 codicis
1234 3993 1332 4058 lectio
1357 4015 1397 4060 ex
1414 3993 1528 4058 codice
1544 3995 1633 4058 haud

220 4114 323 4179 intimi
345 4113 411 4177 loci
434 4113 575 4195 repetita
604 4133 679 4178 esse
706 4113 837 4178 videtur
866 4132 970 4196 eaque
994 4133 1093 4196 saepe
1117 4113 1223 4178 codici
1245 4114 1413 4196 Lipsiensi
1437 4133 1633 4196 congruens

219 4235 262 4299 At
296 4238 413 4300 contra
444 4235 492 4299 La
523 4234 673 4300 Rochius
707 4234 816 4316 (Hom.
852 4234 1013 4300 Textkrit.
1046 4254 1119 4318 pag.
1153 4235 1229 4317 469)
1263 4234 1344 4299 dicit
1376 4234 1475 4299 huius
1509 4235 1634 4300 codicis

220 4356 383 4421 lectiones
413 4376 482 4420 non
508 4361 578 4421 tam
608 4356 798 4421 consentire
829 4375 903 4420 cum
933 4356 1048 4420 codice
1075 4355 1241 4438 Lipsiensi
1275 4376 1375 4438 qnam
1410 4374 1484 4419 cum
1519 4355 1633 4421 codice

218 4476 442 4542 Moscoviensi
474 4478 501 4540 1.
551 4476 720 4543 Scholia
748 4496 833 4559 quae
862 4477 897 4540 in
925 4475 1131 4557 marginibus
1161 4480 1193 4540 et
1226 4477 1314 4541 inter
1346 4476 1452 4540 lineas
1480 4476 1635 4558 leguntur

218 4596 299 4661 dicit
320 4596 468 4680 Heynius
492 4617 531 4662 99
554 4617 639 4678 esse,
663 4617 747 4681 quae
762 4596 939 4680 Porphyrii
962 4616 1036 4661 esse
1053 4596 1241 4675 credantur,
1265 4598 1344 4660 sunt
1356 4600 1470 4660 tamen
1494 4596 1632 4674 scholia,

219 4737 303 4800 quae
330 4717 490 4802 Didymi
519 4739 643 4784 nomen
670 4719 755 4784 falso
783 4737 863 4800 prae
899 4737 935 4782 se
962 4717 1087 4796 ferunt,
1116 4716 1228 4781 multis
1258 4716 1496 4781 additamentis
1525 4721 1633 4795 aucta,

219 4858 303 4922 quae
326 4837 503 4904 hominurn
526 4839 786 4922 Byzantinorum
809 4840 907 4922 atque
935 4837 1099 4921 imprimis
1128 4837 1422 4920 grammaticorum
1445 4837 1634 4902 doctrinam

218 4959 380 5025 redolent.
424 4958 508 5024 Pars
538 4978 654 5024 eorum
686 4959 890 5024 scholiorum
918 4958 1143 5024 recentiorum
1172 4957 1261 5023 edita
1287 4961 1338 5022 est
1361 4977 1381 5023 a
1404 4956 1563 5023 Cramero
1591 4977 1632 5022 ex

218 5080 333 5145 codice
361 5078 515 5145 Parisino
547 5078 673 5144 Graeco
701 5081 801 5160 2556,
830 5080 885 5163 qui
915 5079 1048 5163 quidem
1077 5077 1292 5144 multifariam
1322 5097 1396 5141 cum
1424 5077 1488 5140 hoc
1517 5076 1631 5141 codice

217 5201 401 5278 consentit;
430 5220 509 5283 pars
539 5201 689 5265 nondum
719 5201 808 5266 edita
837 5204 888 5267 est
915 5200 1009 5283 (eg.
1037 5200 1073 5264 in
1101 5199 1229 5264 scholio
1259 5198 1303 5262 ad
1324 5197 1353 5262 A
1375 5216 1404 5261 v.
1430 5196 1491 5260 194
1517 5196 1630 5262 addito

217 5320 337 5387 citatur
360 5317 376 5385 6
399 5316 578 5410 σοφώτατος
599 5319 748 5406 τζέτζης).
