3962 6150
1634 642 1695 706 ⁴VII

274 862 460 940 aliarumque
494 861 678 940 antiquitatis
711 860 907 939 reliquiarum
940 862 1178 940 colligendarum
1213 864 1432 942 cupidissimus.
1477 865 1643 944 Praecipue
1662 866 1694 926 in

274 983 357 1045 ltalia
378 983 450 1052 huic
471 983 515 1045 rei
538 983 660 1057 studuit,
690 981 1186 1058 111010101567-156911111,
1221 983 1321 1067 Patavi
1342 983 1479 1066 maxime,
1510 984 1641 1046 Veneriis
1664 994 1693 1048 et

273 1103 425 1172 Bononiae
462 1111 662 1167 commoratus
699 1110 728 1164 et
771 1104 809 1172 ab
844 1102 909 1164 aliis
953 1103 1123 1172 hominibus
1172 1102 1354 1181 antiquitatis
1404 1104 1559 1178 studiosis,
1610 1107 1692 1168 velut

273 1224 314 1284 lo.
337 1223 468 1286 Neodico
502 1223 721 1303 (Jungschultz)
756 1221 939 1302 Blbingensi,
985 1225 1021 1294 0.
1056 1223 1201 1303 Giphanio
1234 1225 1269 1286 N.
1304 1225 1406 1304 Stupio
1434 1225 1534 1303 Belgis
1563 1225 1691 1304 adjutus.

274 1343 333 1404 Sed
361 1344 450 1407 etiam
471 1345 575 1406 relicta
597 1344 688 1419 ltalia,
713 1363 781 1406 cum
802 1344 834 1405 in
861 1345 981 1424 Belgica
1001 1345 1136 1410 Helvetia
1158 1344 1316 1408 Germania
1343 1347 1479 1424 degeret,
1512 1346 1545 1406 in
1567 1348 1692 1408 eandem

274 1483 339 1526 rem
370 1483 487 1543 semper
520 1464 654 1526 intentus
687 1471 764 1538 erat,
804 1464 904 1542 itaque
943 1464 1054 1540 effecit,
1088 1471 1122 1526 ut
1158 1465 1239 1527 brevi
1277 1436 1410 1548 tempore
1446 1465 1691 1544 pretiosissimam

272 1583 481 1680 bibliothecam
514 1585 678 1670 colligeret.
722 1587 765 1648 De
797 1585 845 1646 his
878 1583 1007 1646 hominis
1039 1584 1145 1646 studiis
1178 1585 1229 1663 qni
1255 1587 1343 1664 plura
1372 1585 1450 1648 scire
1480 1585 1571 1664 cupit,
1605 1588 1691 1648 adeat

272 1703 416 1766 Alberti
432 1705 606 1776 Wachler
621 1705 756 1768 libellum
777 1704 828 1783 qui
842 1705 1030 1774 inscribitur:
1054 1705 1205 1780 „Thomas
1218 1707 1368 1786 Rehdiger
1384 1707 1447 1768 und
1461 1706 1545 1768 seine
1559 1707 1689 1769 Biicher-
1801 1765 1805 1774 ,

271 1826 439 1904 sammlung
460 1826 492 1886 111
506 1826 662 1907 Breslau“,
677 1826 758 1892 Vrat.
775 1827 868 1900 18283
892 1825 1062 1888 accuratius
1077 1845 1112 1887 ea
1127 1827 1221 1901 dere,
1241 1826 1376 1905 epistulis
1389 1826 1517 1891 maxime
1531 1827 1689 1906 Behdigeri

270 1953 300 2006 et
322 1946 488 2008 amicorum
509 1947 560 2025 qui
582 1947 614 2008 in
635 1947 817 2008 bibliotheca
838 1946 894 2008 hac
916 1949 1112 2009 adservantur
1135 1967 1217 2021 usus,
1246 1966 1315 2010 mox
1338 1948 1447 2008 referet
1468 1947 1505 2010 H.
1528 1947 1686 2027 Markgrai.

269 2063 400 2128 Thomas
411 2065 500 2144 igitur
515 2065 663 2144 Behdiger
679 2085 748 2128 cum
762 2066 1030 2145 trigintaquinque
1045 2085 1141 2130 annos
1156 2073 1244 2128 natus
1256 2066 1397 2130 Coloniae
1407 2067 1588 2147 Agrippinae
1601 2087 1617 2130 e
1628 2067 1689 2130 vita

270 2186 437 2261 decederet,
454 2187 662 2248 bibliothecam
676 2187 759 2248 illam
776 2195 954 2250 testamento
969 2186 1110 2252 11011111υο
1125 2188 1246 2267 reliquit
1261 2209 1297 2251 ea
1311 2189 1497 2263 condicione,
1513 2197 1547 2251 ut
1558 2189 1610 2264 „in
1625 2208 1687 2250 uuo

271 2307 404 2368 conclavi
425 2307 463 2367 ad
482 2307 513 2368 id
532 2327 550 2368 a
570 2306 729 2385 praedictis
750 2308 865 2371 duobus
886 2308 1046 2370 heredibus
1069 2309 1236 2373 instruct0“
1259 2311 1475 2384 adseruaretur,
1507 2317 1536 2372 et
1559 2316 1613 2384 „ut
1634 2309 1687 2372 illa

269 2425 449 2489 bibliotheca
471 2447 540 2492 cum
552 2428 624 2490 suis
641 2429 823 2492 ornamentis
840 2448 902 2490 non
917 2436 1034 2490 tantum
1047 2429 1307 2508 Rbedingerianae
1320 2431 1448 2492 familiae
1470 2475 1479 2492 .
1503 2477 1509 2491 .
1535 2475 1542 2490 .
1564 2430 1684 2503 honori,

269 2548 484 2618 verumetiam
505 2548 570 2611 aliis
598 2549 666 2611 usui
689 2558 719 2612 et
739 2550 883 2628 voluptati
906 2570 970 2612 esse
992 2555 1123 2632 posset“.
1169 2550 1252 2624 Quae
1275 2551 1410 2612 condicio
1434 2570 1504 2611 cum
1524 2550 1686 2612 heredibus

267 2668 394 2732 molesta
414 2677 513 2742 esset„
548 2671 668 2731 tandem
700 2670 811 2732 lactum
844 2676 889 2732 est
910 2689 989 2732 anno
1021 2671 1111 2743 1615,
1146 2676 1179 2732 ut
1203 2670 1414 2732 bibliothecam
1446 2669 1555 2731 civitati
1576 2669 1685 2730 Vratis·

268 2787 391 2849 laviensi
413 2777 623 2858 concederent.
672 2791 773 2868 Itaque
795 2809 877 2856 anno¹
904 2791 980 2850 1661
1006 2789 1191 2857 sollemniter
1214 2798 1259 2852 est
1287 2790 1432 2868 patefacta
1454 2791 1492 2868 (v.
1515 2789 1686 2864 „Encaenia

266 2907 463 2971 bibliothecae
477 2909 736 2988 Rehdigerianae.
762 2956 793 2971 ..
817 2911 888 2971 ad.
909 2910 955 2971 IV.
976 2929 1047 2972 non.
1065 2911 1186 2974 Octobr.
1203 2913 1251 2974 010
1267 2912 1315 2974 luc
1331 2911 1392 2972 LXI
1415 2911 1567 2985 adornata,
1591 2909 1682 2972 inter·

266 3037 351 3105 prete
371 3031 507 3094 iohanne
529 3031 694 3106 Gebhardo,
717 3029 986 3109 bibliothecario“).
1030 3029 1245 3110 Catalogum
1268 3031 1439 3092 codicum
1461 3030 1599 3104 coniecit,
1633 3031 1684 3108 qui

266 3149 335 3211 inde
357 3154 393 3212 ab
408 3173 487 3214 anno
506 3155 586 3214 1709
608 3154 754 3238 usquead
774 3155 854 3214 1733
868 3153 1065 3215 bibliothecae
1075 3151 1262 3232 praepositus
1286 3159 1350 3213 erat
1372 3151 1682 3217 0011101111101111

267 3270 366 3348 (cuius
383 3273 508 3352 catalogi
524 3274 694 3352 apographa
710 3273 742 3334 in
759 3273 963 3351 compluribus
985 3280 1102 3334 exstant
1123 3271 1336 3350 bibliothecis);
1361 3271 1512 3348 catalogus
1538 3270 1589 3347 qni
1611 3270 1682 3331 olim

266 3391 371 3467 luerat,
395 3392 455 3455 sive
476 3395 513 3453 ab
534 3393 598 3472 ipso
620 3394 786 3473 Rehdigero
808 3393 869 3456 sive
891 3396 927 3456 ab
949 3390 1109 3456 heredibus
1132 3393 1294 3468 confectus,
1317 3391 1405 3470 periit
1430 3393 1468 3468 (v.
1483 3390 1602 3450 Wachl.
1617 3391 1638 3451 l.
1655 3409 1680 3451 c.

265 3512 458 3591 paginarat.
503 3514 568 3586 Qua
595 3534 628 3574 re
654 3515 765 3578 factum
793 3523 847 3588 est,
882 3522 915 3577 ut
943 3514 995 3591 qui
1022 3513 1139 3575 codices
1163 3515 1199 3574 ab
1221 3513 1285 3590 ipso
1307 3511 1475 3589 Rehdigero
1498 3510 1588 3588 empti
1610 3510 1679 3592 sint,

265 3634 316 3711 qui
347 3641 451 3712 postea
478 3633 674 3696 bibliothecae
703 3635 803 3709 additi,
837 3640 977 3696 accurate
1003 3632 1134 3697 discerni
1162 3652 1224 3694 non
1246 3631 1349 3710 possit.
1393 3631 1469 3692 Nam
1490 3629 1522 3690 in
1545 3629 1679 3707 epistulis

263 3755 423 3835 Rehdigeri
434 3763 463 3816 et
474 3755 506 3816 in
514 3755 647 3834 epistulis
654 3756 691 3817 ad
703 3756 870 3818 illomdatis
877 3772 1026 3834 perpauca
1037 3756 1074 3816 de
1087 3754 1178 3818 certis
1189 3752 1340 3817 codicibus
1353 3750 1458 3829 emptis
1469 3748 1678 3812 inveniuntur:

264 3896 299 3938 ex
320 3876 483 3938 involucris
511 3877 657 3938 librorum
683 3877 707 3938 si
735 3877 801 3954 quis
830 3878 1035 3955 conjecturam
1056 3876 1154 3938 lacere
1180 3874 1279 3947 vellet,
1302 3873 1493 3934 vehementer
1515 3870 1678 3932 falleretur.

263 3996 338 4056 Nam
363 3997 492 4060 maxima
518 4017 587 4076 pars
610 3997 748 4058 codicum
770 3999 895 4070 eandem
917 3997 1037 4075 quidem
1058 3994 1205 4059 involucri
1227 3993 1358 4073 speciem
1380 3993 1513 4065 exhibet,
1550 4011 1567 4050 0
1588 4009 1678 4074 mem·

262 4117 355 4178 brana
380 4119 484 4181 ovina
526 4121 593 4180 alba
613 4177 616 4184 ,
636 4120 705 4181 lacti
743 4127 771 4180 et
810 4118 920 4197 insigni
957 4119 1090 4182 Thomas
1127 4115 1287 4194 Rehdigeri
1326 4112 1433 4177 ornati.
1497 4112 1556 4172 Sed
1588 4110 1678 4172 huius

263 4236 386 4316 insignis
407 4241 533 4302 lormam
556 4247 672 4302 constat
694 4258 774 4302 anno
797 4241 917 4302 demum
942 4241 1019 4300 1661
1046 4257 1111 4300 0000
1126 4235 1265 4308 incisam3
1293 4234 1356 4312 ipse
1378 4234 1509 4294 Thomas
1530 4230 1677 4309 Rehdiger

262 4355 327 4417 aliis
341 4359 443 4420 formis
465 4357 546 4424 usus
559 4368 613 4435 est,
636 4360 759 4439 quaein
781 4360 864 4422 libris
879 4359 1031 4438 impressis
1045 4378 1133 4436 saepe
1150 4364 1331 4429 carnuntum
1354 4354 1453 4432 itaque
1469 4351 1587 4414 codices
1609 4351 1677 4414 illos

262 4485 329 4553 post
349 4497 462 4541 annom
479 4481 556 4541 1661
580 4482 701 4543 demum
720 4480 779 4542 illis
795 4480 974 4559 tegumentis
995 4479 1116 4542 vestitos
1139 4497 1204 4542 esse
1218 4483 1349 4556 apparet.
1392 4474 1489 4536 Etiam
1509 4471 1677 4534 recentiore

261 4605 396 4676 tempore
417 4599 541 4661 involuti
563 4609 633 4662 sunt
655 4601 773 4663 codices
794 4602 866 4680 011.
889 4602 960 4664 als.
984 4601 1056 4662 137.
1081 4601 1151 4663 501.
1201 4598 1393 4662 Involuorum
1413 4602 1497 4657 vetus
1519 4600 1677 4654 servarunt

261 4740 278 4781 e
290 4719 503 4797 Behdigeranis
518 4741 570 4783 sex
581 4730 698 4785 tantum
709 4722 836 4784 codices.
860 4723 903 4783 ux
915 4721 962 4783 his
973 4720 1066 4782 trium
1076 4722 1178 4797 (n.35.
1187 4720 1238 4778 40.
1251 4719 1326 4800 Ι110)
1338 4715 1480 4794 opercula
1491 4713 1591 4793 lignea
1604 4719 1676 4774 sunt
1787 4793 1789 4800 Α

259 4841 443 4920 marginibus
464 4840 600 4917 insectis,
635 4844 716 4908 eoric
743 4843 869 4906 vitulino
896 4843 980 4904 lusco
1003 4843 1131 4903 obducta
1153 4839 1202 4902 cui
1224 4845 1401 4906 ornamenta
1425 4835 1506 4896 varia
1531 4835 1675 4912 impressa

259 4969 340 5036 sunt,
362 4961 548 5023 voluminum
562 4981 615 5023 ora
629 4970 740 5026 aurata.
775 4963 956 5026 Graecorum
977 4983 1061 5024 more
1083 4964 1159 5024 lacta
1182 4969 1211 5024 01
1232 4959 1377 5048 aGraeco
1399 4956 1510 5020 artifice
1524 4956 1674 5016 elaborata

259 5083 333 5148 haec
365 5083 519 5145 involucra
546 5091 648 5145 censet
675 5084 784 5145 Krantz
808 5084 901 5162 (quod
922 5083 1030 5162 repetit
1050 5081 1193 5143 Wachler
1222 5081 1242 5141 l.
1266 5099 1292 5141 c.
1314 5078 1421 5158 pagina
1443 5078 1483 5136 11
1511 5096 1535 5141 0.
1557 5095 1583 5134 v.
1606 5074 1672 5152 Epi·

258 5203 408 5281 phanius),
432 5203 533 5266 nescio
557 5202 664 5282 quibus
686 5202 849 5264 rationibus
871 5212 1037 5283 permotus3
1061 5202 1194 5264 codicem
1216 5202 1257 5260 35
1274 5208 1354 5260 00110
1369 5196 1469 5259 Patavi
1485 5202 1515 5254 et
1529 5193 1672 5271 scriptum

259 5333 288 5384 et
310 5325 448 5387 restitum
474 5346 540 5388 esse
562 5345 599 5386 ex
627 5323 821 5402 inscriptione
842 5327 880 5386 M.
903 5325 973 5387 Ant.
997 5323 1113 5387 Passeri
1137 5322 1334 5400 intellegitur:
1370 5338 1407 5378 011
1429 5316 1533 5376 eadem
1555 5314 1671 5376 officina
