3962 6150
390 653 431 731 66
968 661 1034 716 cod.
1053 661 1141 716 Rehd.
1160 654 1219 716 570.

390 897 495 960 abest.
519 931 560 944 -
584 895 741 978 Sequitur
769 894 944 978 inscriptio
966 896 1085 959 Latina
1115 893 1237 959 saeculi
1260 895 1341 974 XVI,
1369 915 1454 978 quae
1477 916 1519 961 ne
1542 895 1647 961 acidis
1671 895 1820 978 quidem

390 1016 602 1098 reagentibus
626 1036 710 1099 quae
725 1019 887 1080 vocantur
902 1016 1062 1081 adhibitis
1085 1016 1150 1098 legi
1172 1020 1313 1098 poterat.
1331 1017 1515 1082 -Deinde
1538 1017 1573 1081 in
1596 1018 1709 1082 medio
1730 1016 1820 1080 folio

389 1137 487 1202 haec:
511 1132 704 1220 ÷deotuipoo
718 1135 853 1220 πέφυκα.
876 1138 984 1212 πυκτὶς
1002 1142 1057 1200 τοῦ
1073 1133 1238 1221 ἀθηναέου.
1262 1134 1296 1201 όν
1311 1137 1415 1222 χῶρος
1438 1138 1474 1222 (χ
1490 1138 1524 1201 in
1541 1139 1640 1220 corr.)
1657 1133 1820 1222 ἐξήνεγκε

388 1260 449 1324 τῶν
472 1255 642 1343 ἀθηναέων.
672 1258 726 1320 καὶ
747 1251 864 1342 κόσμος
891 1249 1063 1341 ἀνέθρεψε,
1091 1257 1146 1341 τῆς
1175 1256 1413 1322 κωνσταντένου.
1443 1253 1521 1342 αὕτη
1551 1258 1586 1322 δέ
1613 1253 1818 1342 κοσμήσασα

390 1379 545 1466 γενναίως,
579 1377 720 1464 παρέσχε
748 1379 804 1442 καὶ
828 1373 964 1463 πόρισμα
992 1377 1116 1443 πολλῶν
1143 1378 1310 1443 πυκτέδων·
1347 1376 1397 1462 ἀφ’
1422 1376 1464 1444 ων
1488 1375 1549 1463 ἐγώ
1582 1377 1720 1463 πέφυκα,
1754 1377 1821 1442 τῶν

388 1500 539 1566 πλείστων
562 1499 657 1585 μίαεΝ
698 1501 900 1565 Litterarum
933 1500 1041 1564 forma
1064 1519 1150 1564 saec.
1173 1499 1319 1584 ΧΠγΧΙΙΙ.
1348 1535 1390 1546 -
1418 1500 1455 1563 In
1477 1519 1595 1564 aversa
1617 1503 1713 1582 parte
1740 1499 1819 1563 folii

388 1622 481 1704 haec,
516 1641 600 1704 quae
629 1619 779 1685 adhibito
802 1620 899 1684 acido
932 1623 1061 1685 tantum
1095 1641 1164 1685 non
1194 1621 1308 1686 omnia
1339 1620 1404 1702 legi
1431 1624 1602 1703 poterant:
1632 1620 1670 1704 τῆ
1700 1613 1765 1683 αότ
1786 1668 1818 1683 ..

388 1739 492 1827 ἡμέρα
518 1741 572 1805 τοῦ
596 1737 684 1824 ἁγίου
712 1736 864 1825 λσγγόνου
886 1740 940 1803 τοῦ
964 1740 1006 1816 εἰς
1035 1739 1075 1823 (i)
1103 1741 1173 1816 τοῦς
1196 1739 1235 1823 (i)
1260 1790 1289 1806 ..
1321 1740 1434 1817 δεκαέξ
1460 1739 1564 1826 ἡμέρα
1590 1739 1715 1826 πέμπτη
1750 1737 1819 1826 μὴν

388 1861 449 1946 γὰρ
479 1854 665 1947 όκτοόβριως
693 1860 810 1946 έκημηι
839 1858 895 1943 (ii)
929 1857 946 1923 ό
970 1859 1079 1937 δοῦλος
1110 1866 1164 1924 τοῦ
1193 1860 1272 1925 θεοῦ
1301 1855 1503 1946 ἱερομόναχος
1531 1855 1692 1946 θεοφόνης
1720 1861 1818 1936 έτους

389 1969 506 2066 ςωλδ
531 1982 560 2065 [i.
585 2002 613 2046 e.
636 2001 725 2046 anno
751 1981 832 2045 13a6
854 2001 886 2062 p.
910 1979 987 2047 Chr.
1011 1980 1055 2064 n]
1077 1983 1133 2044 καὶ
1154 1979 1237 2066 ἤτησ
1260 2031 1449 2047 .......
1472 1981 1528 2067 τὴν
1552 1978 1670 2068 βήβλον
1691 2002 1817 2065 ταυτην

389 2099 575 2188 μακέρησον
598 2099 690 2167 αυτόν
713 2097 763 2164 διό
784 2100 836 2166 τόν
857 2097 963 2186 κόριον
985 2098 1068 2186 ἄμην
1091 2099 1173 2188 σἰμην
1196 2123 1285 2168 τενατ
1308 2101 1375 2186 (Ρλ).

518 2259 743 2325 Continentur
766 2259 880 2323 codice
903 2259 986 2322 haec
1016 2257 1141 2340 scripta
1164 2257 1312 2322 numeris
1335 2236 1455 2319 όι-όια
1477 2257 1521 2320 ad
1541 2256 1657 2321 titulos
1680 2257 1813 2322 additis

388 2380 458 2464 (qui
481 2380 611 2445 numeri
633 2383 747 2443 tamen
769 2379 936 2443 interdum
961 2379 1095 2461 desunt)
1118 2382 1307 2444 numerata:

518 2535 550 2600 1.
594 2536 649 2600 fol.
676 2538 726 2599 11:
750 2535 941 2616 Gregorii
964 2534 1215 2599 Nazianzeni
1239 2534 1382 2599 Oratio
1407 2533 1447 2597 in
1471 2535 1504 2600 S.
1521 2533 1680 2598 Pascha
1704 2539 1743 2600 et
1770 2536 1814 2600 in

387 2657 633 2723 tarditatem
656 2685 695 2710 =
719 2656 838 2738 Migne‚
872 2656 997 2720 Patrol.
1032 2654 1158 2720 Graeca
1191 2658 1271 2719 tom.
1301 2655 1342 2718 35
1371 2675 1445 2738 pag.
1475 2655 1536 2719 395
1566 2675 1637 2738 sqq.
1725 2655 1813 2722 inc.:

386 2773 598 2853 Ἀναστοίσεως
620 2774 724 2870 ἡμέρα
746 2778 801 2840 καὶ
821 2773 842 2860 ἡ
867 2773 963 2861 σἰρχή,
1040 2776 1125 2841 des:
1148 2775 1200 2840 νῦν
1221 2777 1254 2839 τὲ
1269 2776 1323 2838 καὶ
1338 2775 1380 2851 εἰς
1401 2775 1457 2860 τήν
1480 2775 1603 2840 ἐκεῖθεν
1619 2770 1811 2842 ἀνάπαυσιν·

387 2896 424 2962 ὧι
445 2895 466 2982 ἡ
490 2893 565 2974 δόξα
588 2900 663 2962 cett.

517 3035 549 3100 2.
595 3036 651 3101 fol.
674 3031 729 3100 tv:
754 3035 948 3100 Eiusdem
972 3036 1115 3101 Oratio
1139 3035 1179 3099 in
1204 3035 1413 3101 S.Pascha
1435 3063 1474 3087 =
1498 3034 1607 3115 Migne
1629 3034 1650 3098 l.
1675 3054 1701 3099 c.
1725 3039 1810 3099 tom.

389 3160 429 3222 36
451 3178 525 3242 pag.
543 3159 606 3223 cad
622 3178 693 3240 sqq.
781 3157 861 3222 inc:
881 3154 955 3220 Ἐπὶ
976 3157 1031 3240 τῆς
1047 3156 1190 3241 φυλακῆς
1213 3177 1271 3242 μου
1294 3153 1463 3240 στήσομαι·
1552 3156 1637 3219 des:
1660 3152 1810 3239 ὦπάτερ

389 3282 444 3344 καὶ
465 3275 558 3364 λόγε.
572 3280 626 3342 καὶ
647 3277 682 3342 τό
703 3279 824 3362 πνεῦμα
845 3277 879 3341 τό
903 3275 1004 3361 ἅγιον·
1029 3275 1074 3341 ότι
1096 3278 1144 3340 σοὶ
1165 3282 1252 3340 πᾶσα
1275 3275 1350 3354 δόξα
1374 3279 1449 3340 cett.

516 3431 549 3498 3.
593 3433 650 3496 fol.
676 3432 747 3496 15r:
770 3433 965 3497 Eiusdem
981 3432 1610 3498 OratioinnovamDominicam
1634 3461 1673 3485 =
1696 3431 1808 3514 Migne

387 3555 407 3620 l.
436 3575 462 3619 c.
496 3557 577 3618 tom.
608 3554 648 3616 36
681 3573 755 3635 pag.
785 3554 848 3616 608
877 3574 948 3636 sqq.
1036 3553 1117 3618 inc:
1147 3549 1312 3636 Ἐγκαένια
1339 3552 1499 3638 τιμᾶσθαι.
1588 3552 1673 3617 des:
1706 3573 1808 3636 παρα-

387 3673 620 3761 πεμφδείημεν
645 3673 676 3736 ἐν
697 3675 813 3776 χριστῶ
836 3673 925 3757 ἰησοῡ
949 3677 1024 3738 cett.

514 3829 548 3895 4.
593 3830 648 3895 fol.
679 3831 748 3894 19r:
786 3829 975 3893 Eiusdem
998 3828 1141 3892 Oratio
1170 3829 1211 3892 in
1232 3829 1515 3893 Pentecosten
1538 3856 1577 3881 =
1600 3828 1710 3909 Migne
1732 3828 1752 3892 l.
1778 3849 1805 3892 c.

387 3958 467 4018 tom.
497 3952 538 4014 36
566 3971 639 4033 pag.
667 3951 730 4014 428
760 3971 831 4033 sqq.
924 3949 1004 4012 ine:
1038 3945 1116 4032 Περὶ
1147 3951 1203 4033 τῆς
1236 3948 1345 4033 ἑορτῆς
1377 3946 1500 4034 βραχέα
1533 3944 1803 4033 φιλοσοφήσωμεν,

389 4074 474 4137 des:
497 4077 556 4136 τῶν
579 4069 761 4154 σωζομένων
785 4069 888 4154 ἑορτῆι
910 4071 965 4132 καὶ
988 4065 1185 4153 ἀγαλλιάσει·
1210 4067 1287 4154 μεθ’
1311 4067 1347 4132 οὗ
1369 4065 1390 4153 ἢ
1414 4064 1488 4145 δόξα
1512 4073 1587 4133 cett.

516 4226 548 4292 5.
593 4227 649 4292 fol.
665 4226 741 4290 25V:
766 4225 955 4290 Eiusdem
972 4225 1116 4290 Oratio
1141 4226 1182 4288 in
1196 4226 1564 4290 Macchabaeorum
1587 4226 1746 4289 laudem
1763 4255 1802 4278 :

387 4349 496 4430 Migne
519 4349 540 4411 l.
565 4367 591 4412 c.
615 4352 694 4412 torn.
719 4347 759 4411 35
782 4367 856 4428 pag.
880 4347 941 4410 912
965 4364 1037 4428 sqq.
1126 4345 1207 4409 inc:
1236 4343 1275 4408 Τί
1297 4344 1349 4407 δαὶ
1371 4343 1400 4408 οἱ
1422 4344 1630 4431 μακκαβαῖοι·
1719 4345 1804 4410 des:

387 4463 591 4553 δοξαζόμενός
612 4489 646 4532 τε
668 4469 723 4531 καὶ
745 4463 898 4545 δοξόζων·
923 4466 954 4532 ἐν
977 4463 1071 4530 αότώι
1092 4471 1147 4530 τῶι
1168 4465 1296 4550 χριστῶι
1320 4468 1396 4529 cett.
1445 4564 1448 4570 .

515 4624 548 4692 6.
594 4625 650 4688 fol.
674 4626 746 4688 311:
771 4623 963 4688 Eiusdem
980 4623 1126 4687 Oratio
1150 4622 1190 4685 in
1212 4620 1371 4684 laudern
1395 4622 1428 4685 S.
1445 4620 1636 4703 martyris
1661 4619 1805 4703 Cypri-

385 4745 453 4810 ani
482 4775 521 4798 =
549 4745 659 4827 Migne
693 4747 713 4810 l.
748 4766 775 4810 c.
809 4749 889 4809 tom.
923 4745 963 4807 35
997 4763 1072 4825 pag.
1102 4743 1184 4806 1170
1215 4761 1287 4823 sqq.
1375 4740 1455 4805 inc:
1483 4738 1604 4824 Μιαροῦ
1637 4739 1804 4824 κυπριανός

386 4865 527 4951 διέφυγεν
559 4863 656 4950 ἡμᾶς·
756 4867 844 4930 des:
881 4864 918 4950 ἧς
954 4867 1009 4929 καὶ
1047 4860 1273 4949 μεταλόβοιμεν
1315 4862 1425 4928 τέλειοι
1461 4861 1599 4940 τελείως.
1639 4864 1671 4928 ἐν
1708 4861 1803 4927 adroic

385 4990 512 5072 χριστῶι
536 4989 611 5052 cett.

514 5123 547 5190 7.
591 5124 648 5189 fol.
671 5124 748 5189 37¹²:
783 5123 977 5189 Eiusdem
1001 5122 1144 5188 Oratio
1179 5123 1225 5186 de
1253 5123 1338 5188 suis
1369 5121 1632 5187 sermonibus
1662 5125 1735 5187 etr..
1761 5151 1800 5176 =

383 5247 492 5328 Migne
516 5247 537 5310 l.
562 5265 588 5310 c.
611 5249 691 5310 tom.
715 5244 755 5307 35
778 5265 852 5327 pag.
878 5245 961 5308 1044
977 5265 1048 5327 sqq.
1137 5243 1216 5309 ine:
1240 5241 1294 5320 Τίς
1316 5241 1336 5327 ἡ
1359 5243 1509 5328 τυραννὶς·
1597 5243 1682 5307 des:
1707 5238 1798 5320 δόξαν

382 5387 416 5429 τε
438 5369 492 5430 καὶ
514 5362 733 5453 λαμπρότητα·
758 5363 847 5448 <ὅ>τι
870 5361 964 5426 αὐτῶι
986 5361 1007 5449 ν’]
1031 5357 1106 5439 δόξα
1131 5368 1205 5428 cett.
