3962 6150
762 605 827 660 God.
846 605 934 658 Rehd.
953 605 995 658 31.
1014 603 1056 656 31.
1572 598 1610 661 41

195 836 333 902 metrice
349 836 555 919 compositae
570 835 752 918 (continuis
768 836 920 902 versibus
936 836 1094 918 scriptae)
1114 834 1245 899 tabulae
1261 836 1341 911 treS,
1364 851 1448 914 quae
1464 829 1613 913 alioquin

195 957 246 1022 sic
275 957 519 1023 inscribuntur:
541 959 611 1042 περὶ
634 956 706 1035 συὸς
727 959 782 1021 καὶ
805 952 879 1042 μυός
902 956 987 1039 (cod.
1011 957 1081 1040 crept
1104 954 1201 1041 μυὸς),
1223 955 1294 1038 περὶ
1316 951 1387 1018 ὄνου
1409 953 1464 1016 καὶ
1485 951 1613 1034 λεοντῆς

193 1078 283 1159 (cod.
299 1079 369 1161 cept
391 1075 485 1161 ὄνου),
507 1079 578 1162 περὶ
599 1076 709 1161 θηρῶν
723 1079 778 1142 καὶ
800 1069 913 1161 ὀρνέων
936 1072 1042 1162 μάχης
1063 1078 1119 1140 καὶ
1139 1075 1295 1161 στρουθοῦ
1317 1075 1403 1158 (cod.
1419 1074 1491 1158 περὶ
1504 1072 1614 1158 θηρῶν

193 1201 250 1263 καὶ
276 1199 426 1285 ummah
461 1199 548 1263 conf.
570 1199 696 1282 Aesopi
718 1199 859 1282 Phrygis
888 1197 1019 1263 fabulae
1049 1197 1174 1262 Graece
1203 1200 1236 1262 et
1262 1194 1394 1275 Latine,
1423 1194 1524 1259 Basil.
1553 1214 1614 1276 per

191 1321 355 1386 Ioannem
377 1319 579 1402 Heruagium
604 1319 695 1399 1544,
717 1339 792 1402 pag.
814 1318 886 1384 236.
909 1319 982 1383 238.
1005 1319 1077 1384 144.

324 1469 411 1534 Usus
441 1471 492 1533 est
519 1470 584 1534 hoc
612 1468 727 1532 codice
754 1472 888 1551 praeter
915 1488 973 1533 eos
1003 1487 1087 1550 quos
1118 1486 1218 1549 supra
1241 1465 1309 1530 dixi
1334 1465 1408 1531 Car.
1431 1465 1466 1530 F.
1489 1464 1612 1545 Kamp-

198 1608 302 1654 mann
324 1589 366 1671 (a.
392 1590 473 1654 1843
497 1608 587 1654 num.
610 1589 640 1653 1.
663 1589 707 1672 3.)
1544 1617 1579 1672 q,

872 1863 937 1945 32.

744 2037 835 2107 (cum
853 2059 887 2085 =
906 2037 932 2091 0,
951 2039 971 2091 1.
990 2039 1014 2091 3.
1033 2037 1069 2107 3.)

326 2178 440 2243 Codex
476 2179 671 2243 chartaceus
710 2178 819 2242 forma
856 2177 1019 2262 quadrata
1056 2177 1186 2242 minore
1223 2179 1330 2260 (0,197
1355 2190 1394 2250 ><
1417 2178 1512 2257 0,153
1545 2179 1613 2260 m),

195 2299 352 2364 foliorum
381 2300 453 2378 181,
483 2319 625 2382 quorum
655 2300 695 2363 10
721 2298 882 2380 (59-113
912 2301 945 2363 01
976 2299 1177 2382 177-181)
1206 2318 1310 2364 vacua
1339 2302 1427 2364 sunt.
1473 2297 1614 2362 Constat

196 2440 317 2484 novem
340 2419 562 2499 ternionibus
591 2423 667 2484 octo
697 2419 985 2503 quaternionibus,
1016 2439 1075 2484 sex
1104 2419 1330 2502 quinionibus
1360 2419 1490 2484 duobus
1514 2417 1613 2483 101110.

196 2541 349 2623 Scriptus
373 2544 425 2606 est
447 2541 581 2605 saeculo
604 2539 671 2605 XV.

326 2687 550 2753 Continentur
573 2688 688 2752 codice
711 2689 810 2752 haec:

324 2815 357 2882 1.
402 2817 458 2882 101.
484 2818 631 2882 1-58vz
653 2815 937 2901 Lycophronis
960 2816 1198 2882 Alexandra
1226 2835 1302 2882 cum
1324 2816 1481 2899 glossis
1510 2816 1613 2881 inter-

193 2937 390 3018 linearibuS,
414 2938 589 3004 scholiis
612 2938 852 3020 marginalibus
874 2936 1043 3020 variisque
1065 2938 1193 3021 aliquot
1214 2936 1424 3004 lectionibus.
1467 2937 1613 3020 Paginae

195 3062 275 3124 sunt
298 3058 504 3142 singularum
527 3059 757 3125 columnarum
774 3062 806 3124 ct
821 3064 994 3124 ternorum
1018 3059 1181 3124 denorum
1196 3079 1354 3134 versuum
1377 3059 1459 3125 satis
1483 3059 1613 3141 magnis

196 3178 314 3262 spatiis
330 3179 373 3244 ad
385 3181 515 3262 glossas
528 3179 762 3245 interlineares
779 3179 975 3244 scribendas
991 3179 1080 3244 inter
1095 3198 1131 3244 se
1147 3179 1393 3245 distinctorum.
1435 3179 1613 3262 Inscriptio

196 3300 300 3378 deest,
325 3299 391 3363 nisi
414 3299 502 3382 quod
531 3300 721 3364 manualia
750 3300 901 3364 eiusdem
928 3300 1048 3365 aetatis
1072 3300 1209 3365 infolio
1235 3301 1271 3364 1r
1294 3302 1454 3382 scriptum
1476 3301 1613 3382 legitur:

194 3415 377 3505 λικόφρονος
410 3424 444 3486 01
477 3421 511 3486 10
547 3421 627 3486 10110
658 3423 696 3486 1v
724 3421 842 3486 eadem
876 3441 978 3487 manu
1007 3421 1130 3486 saeculi
1159 3421 1280 3487 decimi
1313 3421 1431 3504 quinti,
1465 3441 1550 3503 quae
1578 3422 1613 3485 in

195 3541 337 3605 tolio-1r
364 3540 514 3623 scripsit:
543 3538 740 3623 Dicorofcno,
775 3543 858 3606 haec
890 3542 1002 3625 posita
1036 3545 1130 3608 sunt:
1163 3539 1391 3624 Lycophronis,
1417 3539 1612 3607 Alexandro.
1690 3523 1692 3530 ⁵

196 3681 280 3745 quae
313 3666 432 3744 postea
466 3661 583 3727 eadem
617 3681 737 3727 manus
770 3663 910 3728 mutavit
942 3664 993 3728 in:
1026 3660 1255 3744 Lycophronis,
1287 3660 1476 3743 Cassandro.
1534 3661 1614 3727 Corn

196 3781 394 3864 copositione.
446 3783 527 3848 inc:
549 3780 638 3860 Λὲξο)
659 3780 698 3847 τοὶ
721 3778 822 3846 πάντα
843 3782 1009 3866 νητρεκῶς,
1059 3784 1144 3848 des:
1167 3778 1275 3861 σώζων
1296 3781 1432 3849 παλαιὰν
1454 3779 1614 3869 βεβρύκων

194 3901 435 3987 παγκληρίανεω
484 3903 717 3986 Subscriptum
740 3906 806 3968 est:
829 3901 953 3980 ψτὲλος
975 3907 1030 3986 τῆς
1052 3899 1243 3987 λυκόφρονος
1265 3899 1498 3989 ἀλεξάνδραςι-
1533 3910 1613 3990 401

194 4022 377 4108 moelem-q
400 4022 460 4090 τῶν
482 4023 589 4088 καλῶν
611 4021 690 4105 θεῶ,
711 4017 846 4108 χάριςτω

322 4187 355 4255 2.
400 4187 456 4253 101.
479 4188 671 4252 (sd-nn:
705 4187 880 4252 Tzetzae
915 4187 1077 4252 scholia
1109 4189 1150 4252 in
1178 4189 1455 4253 Alexandram
1487 4190 1612 4274 Lyco·

194 4307 369 4391 phronis
394 4307 467 4373 sine
489 4307 597 4388 titulo,
621 4327 720 4391 quem
735 4309 924 4375 nibricator
939 4328 1008 4373 non
1023 4309 1145 4392 posuit.
1174 4309 1265 4374 idern
1288 4310 1428 4390 litterae,
1450 4331 1471 4375 a
1493 4311 1613 4394 quibus

200 4430 327 4495 scholia
350 4429 523 4512 incipiunt,
548 4448 617 4494 non
641 4429 794 4513 explevit.
839 4431 985 4514 PagInae
1009 4433 1087 4495 sunt
1104 4431 1310 4513 singularum
1333 4431 1564 4498 columnarum
1580 4437 1613 4499 et

193 4551 386 4617 vicenorum
409 4570 567 4616 senorum
590 4569 757 4617 versuum.
844 4551 924 4617 ino:
947 4549 1068 4636 <λ>ἐξω
1090 4550 1130 4615 τοὶ
1152 4547 1267 4616 πάντας
1290 4555 1381 4616 τοῦτο
1403 4553 1438 4617 τὸ
1461 4553 1572 4639 σχῆμα
1594 4551 1610 4618 ὁ

192 4669 353 4758 ποιητικὸς
374 4667 495 4756 τρόπος,
546 4671 632 4737 des:
654 4672 731 4750 τινὲς
753 4672 798 4756 δὲ,
822 4670 919 4758 ὄνομα
940 4667 1046 4757 κύριον
1069 4669 1204 4758 ἀγγέλου
1226 4672 1316 4736 τοῦτο
1339 4673 1469 4759 νοοῦσιν,
1491 4675 1546 4739 καὶ
1567 4674 1612 4739 τῶ

194 4793 260 4858 θεῶ
282 4790 371 4879 ἡμῶν
393 4787 517 4870 dolam
543 4790 668 4870 ψτέλος
689 4792 744 4878 τῆς
766 4792 820 4857 τοῦ
842 4788 1033 4878 lantpero}
1056 4788 1247 4879 tempusue:
1261 4810 1286 4862 ÷

322 4929 471 4994 Contulit
488 4928 638 4994 codicem
650 4929 685 4994 in
701 4951 800 4996 usum
813 4931 849 4995 L.
862 4930 1080 5012 Bachmanni,
1092 4927 1292 4998 Franciscus
1304 4933 1453 5013 Passow,
1465 4955 1495 4998 v.
1506 4935 1612 5014 Lyco·

192 5050 332 5133 phronis
354 5051 547 5116 Alexandra
566 5070 632 5116 rec.
656 5050 854 5116 Bachmann
874 5053 887 5116 l
907 5072 940 5134 p.
961 5052 1078 5118 XXXII
1101 5057 1134 5118 et
1156 5054 1294 5137 Ephem.
1321 5054 1452 5118 lenens.
1476 5074 1505 5118 a.
1531 5055 1612 5119 1815

194 5172 299 5254 suppl.
329 5177 409 5236 tom.
438 5171 465 5235 ll
493 5191 568 5253 pag.
599 5171 662 5234 316
685 5191 734 5254 00.
758 5171 819 5236 317
844 5191 893 5254 00.
922 5173 1063 5254 (Wachl.
1091 5194 1166 5260 pag.
1188 5176 1253 5259 49).
1298 5175 1407 5240 Etiam
1435 5173 1611 5241 Eduardus

193 5291 343 5358 Gerhard
367 5290 480 5356 codice
503 5311 584 5356 0000
608 5295 711 5356 esta.
736 5293 828 5358 1814.
1519 5329 1577 5388 Ru.
