3962 6150
904 617 970 674 cod.
989 617 1106 689 Magdal.
1126 621 1201 677 llll.

994 963 1106 1048 1442.

473 1154 634 1219 Volurnen
663 1154 770 1219 forma
799 1156 961 1238 quadrata
987 1156 1127 1222 minima
1155 1156 1410 1238 (orco-orm
1436 1158 1493 1239 m.)
1517 1155 1673 1219 foliorum
1698 1152 1758 1216 184

345 1275 633 1358 bombycinorum,
657 1277 740 1341 duos
765 1277 897 1342 codices
922 1280 1158 1361 complentem,
1183 1279 1238 1361 qui
1260 1299 1280 1343 a
1306 1279 1413 1342 tribus
1437 1277 1556 1341 scribis
1581 1294 1667 1340 saec.
1690 1275 1761 1338 XIV

347 1397 473 1461 exarati
507 1401 594 1463 sunt.
638 1399 736 1462 Prior
770 1399 876 1463 codex
909 1399 979 1481 (fol.
1011 1401 1138 1481 1-43)
1172 1419 1261 1463 nunc
1295 1402 1428 1463 constat
1456 1397 1601 1480 quinque
1629 1399 1761 1479 quater·

346 1516 504 1581 nionihus
528 1522 561 1582 et
582 1517 730 1598 hinione‚
755 1520 848 1612 cuius
871 1520 1006 1585 tertium
1030 1520 1146 1584 folium
1170 1519 1328 1598 excisum,
1359 1523 1513 1601 quartum
1535 1505 1681 1582 vacuum
1699 1520 1760 1580 est.

347 1638 415 1702 Sed
439 1641 517 1703 ante
541 1639 796 1721 quaternionem
820 1640 875 1722 qui
898 1660 987 1704 nunc
1011 1645 1063 1704 est
1085 1641 1252 1706 secundus
1275 1640 1375 1722 periit
1398 1639 1572 1722 quaternio
1602 1637 1657 1721 qui
1681 1637 1761 1701 olim

346 1758 512 1823 secundus
536 1760 607 1824 fuit.
631 1761 737 1826 Totus
760 1761 845 1826 liber
862 1781 930 1826 una
951 1781 1053 1827 manu
1075 1761 1196 1828 litteris
1219 1760 1452 1826 minutissimis
1477 1764 1509 1825 et
1531 1758 1644 1824 multis
1669 1776 1760 1821 corn-

345 1879 477 1961 pendiis
512 1880 655 1962 scriptus
690 1885 750 1946 est.
801 1883 973 1947 Posterior
1008 1883 1113 1949 codex
1141 1883 1210 1965 (fol.
1238 1882 1409 1963 44-134)
1439 1883 1571 1944 constat
1598 1877 1761 1942 tredecim

347 2000 623 2084 quaternionibus
653 2022 795 2084 quorum
825 2003 889 2068 duo
917 2003 1080 2086 postremi
1107 2003 1214 2067 mutili
1238 2006 1325 2080 sunt,
1348 2001 1547 2084 paenultimi
1570 2000 1659 2065 enim
1681 1998 1761 2062 folia

329 2121 411 2216 ¹tria
434 2126 592 2199 extrema,
615 2121 724 2185 ultirni
747 2123 863 2187 folium
889 2126 903 2187 1
930 2129 962 2188 et
985 2126 1004 2188 8
1031 2124 1282 2189 interciderunt.
1328 2123 1479 2204 Scriptus
1504 2125 1555 2185 est
1577 2121 1631 2184 hic
1656 2119 1761 2183 codex

345 2262 365 2306 a
388 2242 517 2307 duobus
540 2242 744 2321 hominibus
774 2263 915 2325 quorum
943 2245 1027 2310 alter
1055 2249 1124 2309 tres
1152 2244 1280 2328 primos
1303 2242 1482 2308 fasciculos
1505 2240 1574 2322 (fol.
1597 2239 1760 2319 44-67),

346 2365 430 2428 alter
458 2367 569 2427 cetera
597 2363 754 2428 exaravit.
777 2399 819 2410 -
841 2365 976 2430 Madore
1005 2369 1039 2428 et
1066 2366 1233 2430 tinearum
1263 2384 1378 2429 morsu
1406 2362 1510 2426 multa
1544 2360 1635 2440 folia,
1664 2358 1758 2421 initio

346 2485 490 2549 maxime
513 2489 546 2549 et
567 2485 631 2548 line
654 2485 845 2565 voluminis,
868 2485 1028 2550 damnum
1052 2489 1221 2568 ceperunt.

475 2691 697 2756 Continentur
720 2694 892 2757 codicibus
914 2695 1012 2758 haec:

431 2843 506 2914 ΙΙ.
552 2847 608 2911 fol.
634 2849 796 2912 11—20‘:
830 2847 1046 2912 Michaelis
1074 2847 1203 2911 Pselli
1226 2844 1502 2927 Paraphrasis
1532 2844 1572 2906 in
1600 2841 1760 2906 Aristo-

345 2966 445 3030 telis
475 2967 529 3031 De
558 2967 913 3051 interpretatione
941 2968 1093 3033 librum
1122 2964 1339 3050 ,παράφρασις
1368 2965 1410 3041 εἰς
1432 2964 1483 3028 τὸν
1505 2964 1575 3046 περὶ
1598 2957 1760 3045 ἑρμηνείας

347 3091 401 3149 τοῦ
437 3083 648 3170 ἀριστοτὲλους
682 3089 802 3175 μιχαῆλ
834 3087 996 3175 πατρικίου
1026 3089 1080 3151 καὶ
1113 3080 1231 3151 ὑπάτου
1264 3090 1325 3150 τῶν
1359 3084 1534 3170 φιλοσόφων
1561 3083 1615 3148 τοῦ
1645 3081 1761 3166 ψελλοῦ

348 3221 576 3309 αὐτοσχεδῌως]
593 3226 783 3310 ἐκδοθεῖσ[α]
800 3226 847 3309 thr
862 3227 917 3311 τῆς
933 3226 1164 3312 δ]ιατριβ[ῆς];ω
1208 3199 1362 3288 Trldllh
1384 3203 1463 3286 Ᾰ·;·“
1520 3222 1599 3286 inc:
1614 3219 1690 3305 <τ>ὀ
1707 3224 1762 3303 τῆς

346 3340 491 3430 ἀκριβοῦς
514 3345 672 3423 ἐκθέσεως
759 3347 844 3410 des:
868 3344 957 3411 οὐδὲν
980 3342 1294 3430 ἀπεκρυψάμηνεθηι
1338 3346 1480 3427 Propter
1505 3341 1760 3425 quaternionem

345 3468 382 3529 ut
405 3465 548 3530 diximus
577 3466 738 3531 amissum
768 3467 889 3532 desunt
917 3489 1001 3552 quae
1031 3470 1066 3532 in
1089 3468 1140 3531 ed.
1163 3467 1285 3531 Aldina
1308 3487 1337 3530 a.
1364 3465 1444 3530 1503
1467 3465 1622 3546 leguntur
1644 3461 1720 3526 inde
1743 3482 1762 3524 a

346 3586 457 3649 verbis
480 3586 540 3662 πᾶς
563 3585 728 3671 ἄνθρωπος
751 3588 806 3652 fol.
830 3590 915 3652 MVV.
939 3609 1044 3671 usque
1068 3589 1110 3652 ad
1133 3586 1198 3672 ἅμα
1222 3584 1263 3664 ὥς
1285 3584 1359 3651 ὅταν
1381 3587 1436 3650 fol.
1460 3586 1553 3650 NIH‘.

477 3765 509 3834 2.
554 3766 1763 3852 solim-»21¹2fragmentumdepropositionumquantitate

348 3906 448 3968 quae
471 3887 635 3954 dicitur.
712 3891 793 3956 inc:
816 3889 943 3976 <κ>ατά
957 3891 1075 3968 πολλάς
1098 3890 1315 3977 διαιρουμένων
1336 3885 1482 3975 ἐπιβολάς
1496 3887 1556 3951 τῶν
1571 3883 1761 3969 προτάσεων·

350 4006 436 4070 des:
459 4007 494 4070 τὸ
517 4008 552 4070 δὲ
574 4008 754 4094 σωκράτης.
778 4013 832 4076 καὶ
855 4010 994 4094 καλλίας,
1018 4011 1060 4077 ἑνὶ
1083 4008 1227 4098 ἁρμόττει
1248 4017 1291 4075 τῶ
1314 4006 1483 4095 ἀριθμῶεω

476 4189 508 4259 3.
554 4192 611 4256 fol.
644 4195 833 4258 xlv-dur:
872 4195 1093 4259 Themistii
1131 4192 1407 4276 paraphrasis
1446 4192 1486 4255 in
1520 4187 1762 4254 Aristotelis

349 4310 566 4394 Analytica
592 4315 830 4396 posteriora
859 4315 1039 4400 ,,θεμιστίου
1067 4313 1264 4398 παράφρασις
1293 4310 1482 4377 ἀναλυτικῶν
1510 4307 1653 4394 ὑστέρων,
1681 4312 1763 4390 πρῶ-

350 4453 442 4496 τονεω
528 4433 607 4496 inc:
631 4433 743 4518 <ἐ>μοὶ
758 4433 980 4500 συντάττεσθαι
997 4437 1051 4520 μὲν
1067 4433 1228 4519 ἐξηγήσεις
1314 4433 1399 4497 des:
1424 4427 1519 4507 οὕτως
1540 4428 1561 4515 ἡ
1580 4435 1666 4493 πάσα
1687 4426 1764 4510 πρὸς

349 4557 492 4617 πάσανεα
517 4583 556 4608 z
573 4553 751 4620 Themistii
772 4553 995 4638 paraphrases
1016 4556 1208 4621 Aristotelis
1229 4554 1391 4618 librorum
1413 4553 1464 4617 ed.
1488 4549 1632 4634 Spengel
1654 4549 1718 4613 vol.
1741 4547 1764 4624 l,

349 4693 423 4755 pag.
449 4675 581 4740 1-104.
626 4677 662 4740 ln
686 4679 891 4759 marginibus
916 4677 1048 4760 saepius
1072 4677 1186 4743 addita
1209 4679 1287 4739 sunt
1310 4673 1468 4739 scholia
1491 4672 1607 4737 eadem
1631 4689 1742 4733 mano.

477 4854 511 4924 4.
557 4857 613 4922 fol.
649 4859 726 4924 div:
772 4860 1046 4942 fragmentum
1091 4860 1137 4923 de
1179 4856 1436 4940 syllogismis
1481 4852 1764 4938 hypotheticis

350 4978 468 5059 „saepi
497 4973 692 5043 ὑποθετικῶν
720 4979 981 5066 ουλλογισμῶν·;·“
1069 4981 1147 5044 inc:
1178 4978 1209 5042 ἐν
1236 4985 1298 5054 τοῖς
1326 4974 1523 5052 ὑποθετικοῖς
1552 4973 1766 5058 συλλογισμοῖς

349 5097 463 5180 πρῶτοι
491 5098 573 5181 εἰσιν,
602 5098 632 5162 οἱ
659 5099 696 5162 ἐκ
724 5098 779 5164 δύο
807 5100 888 5186 ὅρων
973 5102 1058 5166 des:
1086 5097 1120 5162 τὸ
1143 5096 1350 5184 ἀντικείμενον
1375 5097 1419 5162 τά)
1442 5095 1459 5182 β
1483 5093 1665 5180 συνημμὲνω
1687 5091 1765 5174 λαμ-

351 5213 475 5304 βάνεται
538 5220 657 5284 Cetera
680 5221 921 5302 desiderantur,
946 5221 1104 5305 quoniam
1126 5219 1274 5284 binionis
1298 5219 1413 5282 solium
1436 5219 1455 5281 3
1479 5216 1628 5280 excisum
1651 5216 1712 5276 est.
