3986 6146
1014 646 1080 702 Cod.
1099 648 1186 702 Rehd.
1205 649 1246 704 38.

1434 751 1900 762 ——---.-—---———————-

1435 765 1900 773 Ψ-

552 875 775 941 Continentur
798 878 912 942 codice
935 879 1033 943 haec:

553 1031 585 1098 1.
629 1033 842 1098 Fasciculo
866 1036 881 1098 1
901 1033 1012 1098 :fol
1036 1035 1144 1098 1—8:
1172 1033 1380 1117 Odysseae
1407 1055 1550 1100 vorsus
1578 1057 1595 1098 τ
1627 1037 1692 1100 192
1714 1072 1771 1083 -
1792 1056 1815 1096 υ
1843 1035 1892 1097 63

422 1154 457 1217 in
481 1155 585 1218 chart.
609 1154 691 1218 laer.
708 1175 728 1218 a
743 1175 785 1218 m.
802 1154 838 1218 Π.
882 1155 946 1218 Hic
969 1155 1146 1220 fasciculus
1170 1154 1212 1220 ad
1235 1155 1381 1219 litteram
1404 1156 1572 1221 consentit
1596 1176 1670 1220 oum
1701 1156 1811 1220 fasc.
1840 1157 1892 1219 33

422 1274 491 1356 (fol.
517 1275 696 1357 177-184)
720 1275 775 1356 qui
799 1275 916 1341 eadem
942 1295 1044 1340 manu
1068 1275 1211 1357 scriptus
1235 1279 1286 1340 est
1310 1279 1342 1339 et
1365 1277 1501 1341 eosdem
1528 1277 1705 1360 Odysseae
1736 1297 1886 1341 versus
1981 1269 1982 1286 *

423 1394 581 1459 continet.

550 1547 584 1613 ⁸2.
627 1548 870 1613 Fasciculus
899 1551 981 1614 A:
1006 1550 1062 1614 fol.
1091 1551 1221 1630 9—16,
1256 1553 1431 1634 quaternio
1471 1555 1606 1618 chartae
1640 1554 1878 1632 communis,

421 1689 524 1733 manu
546 1668 586 1731 III
608 1672 763 1732 exaratus
787 1673 839 1733 est
863 1673 895 1732 et
918 1670 1067 1734 continet
1089 1671 1187 1734 haec:

548 1790 603 1854 fol.
627 1790 793 1853 lif—13V:
816 1790 990 1854 Malalae
1013 1791 1160 1855 narratio
1190 1791 1230 1855 de
1260 1791 1429 1856 erroribus
1456 1793 1562 1857 Ulixis
1586 1823 1626 1848 =
1650 1794 1870 1876 Chronogr.

420 1931 494 1993 pag.
513 1909 679 1974 137-155
696 1909 746 1974 ed.
762 1909 848 1974 Hod.
935 1911 1015 1976 inc:
1045 1911 1166 1995 <μ>ετά
1187 1911 1243 1996 τήν
1266 1910 1379 1978 ἅλωσιν
1394 1912 1449 1996 τῆς
1470 1913 1574 1997 τροίας
1595 1910 1707 1991 πάντες
1736 1907 1870 1999 ἅχαιοὶ

424 2026 619 2116 μερισάμενοι
647 2029 703 2113 τήν
731 2029 847 2114 πραίδα
934 2031 1019 2096 des:
1047 2038 1102 2094 τοῦ
1125 2032 1159 2094 δὲ
1180 2028 1350 2116 τηλεγόνου
1376 2033 1622 2119 παραιτουμένου
1644 2031 1773 2120 ταύτην
1800 2031 1866 2118 τήν

420 2147 561 2235 γνώμην,
590 2148 754 2214 ἐκέλευσαν
782 2147 892 2226 αὐτοὺς
921 2149 1019 2234 μένειν
1042 2152 1133 2236 ἐντῇ
1160 2148 1297 2237 σποίρτη.
1327 2153 1433 2229 οἵτινες
1459 2151 1687 2240 περιγενόμενοι
1716 2154 1863 2220 ἅπαντα

425 2267 618 2356 ἐξηγήσαντο
640 2270 684 2334 τῶ
706 2269 818 2334 diacoi·
841 2271 1013 2335 καὶταῦτα
1037 2273 1091 2356 μὲν
1112 2273 1183 2356 περὶ
1205 2270 1388 2350 ὀδυσσέωςε·

549 2391 783 2473 Adiunguntur
806 2392 969 2456 nonnulla
992 2393 1151 2457 scholia
1174 2393 1209 2456 in
1232 2393 1293 2458 Od.
1317 2416 1338 2456 α
1359 2396 1474 2460 3-43
1498 2395 1569 2460 eius
1592 2397 1724 2478 generis
1752 2397 1858 2480 quod

418 2513 608 2578 Dindorfins
635 2533 675 2576 ex
699 2512 770 2577 cod.
793 2511 820 2575 Ε
845 2512 997 2595 sumpsit.
1522 2573 1523 2576 ,

548 2633 604 2698 fol.
623 2633 809 2698 tlh-16¹¹:
833 2632 975 2717 ,,λὲξεις
998 2632 1129 2717 ἐνιπῆς
1151 2639 1215 2696 τοῦ
1237 2629 1383 2717 ὁμήρου
1411 2632 1585 2720 βίβλουιι(
1608 2629 1744 2720 ὀπάζειν,
1762 2657 1853 2721 παρ·

421 2753 518 2839 ἐχειν.
549 2748 709 2838 βασιλήιον
737 2751 830 2837 εὖχος
858 2749 1008 2837 ἐχούσης,
1039 2751 1203 2838 βασιλικὴν
1231 2749 1322 2832 δόξαν
1351 2751 1495 2840 ἐχούσης.
1584 2759 1669 2822 des:
1694 2754 1850 2843 ἀερσιπό-

419 2895 525 2958 τητος,
549 2873 645 2937 ἐντῶ
668 2870 735 2957 ἀέρι
757 2869 938 2958 πετόμενος.
961 2878 1000 2956 τῆ
1027 2869 1089 2957 γάρ
1115 2895 1161 2937 τοι
1188 2882 1249 2939 νεῖν
1271 2871 1395 2960 νήματα
1418 2874 1639 2961 ἀερσιπότητος
1661 2874 1846 2964 ἀραχνηςε·

421 2996 506 3061 Sunt
535 2995 701 3076 glossae
730 2993 764 3057 in
792 2993 980 3076 Gregorii
1008 2995 1257 3060 Nazianzeni
1284 2998 1460 3078 Arcana,
1496 2999 1650 3064 ordinem
1678 3021 1845 3066 versuum

419 3134 488 3179 non
512 3117 699 3198 sequentes,

549 3275 582 3343 3.
626 3277 854 3342 Fasciculis
889 3279 1161 3344 3-at=f01.
1199 3281 1373 3346 17-aar
1416 3282 1621 3347 continetur:
1669 3282 1843 3346 Homeri

420 3399 602 3482 Odyssea
617 3398 756 3479 integra.
801 3398 948 3479 Singulis
965 3399 1156 3481 rhapsodiis
1167 3400 1373 3481 praemissae
1386 3409 1463 3469 sunt
1474 3404 1653 3486 periochae
1665 3404 1839 3482 metricae,

419 3521 460 3582 de
487 3520 606 3603 quibus
636 3540 666 3584 v.
696 3539 796 3600 supra
829 3537 903 3600 pag.
935 3520 983 3582 16.
1027 3520 1233 3601 Argumenta
1262 3521 1399 3601 desunt,
1429 3523 1634 3588 scholiorum
1662 3523 1697 3587 in
1725 3524 1836 3588 tribus

417 3644 548 3704 tantum
575 3639 664 3704 foliis
692 3640 763 3718 F3V,
786 3640 857 3719 Adi,
888 3639 967 3703 A5rv
989 3639 1129 3705 frustula
1152 3641 1367 3707 inveniuntur
1399 3645 1440 3708 ab
1469 3645 1535 3709 alia
1567 3664 1669 3709 manu
1697 3643 1752 3726 (m.
1780 3646 1838 3728 IV)

418 3761 541 3826 addita.
584 3761 741 3825 Mannum
765 3765 797 3825 et
820 3760 954 3824 chartae
977 3760 1074 3825 vices
1091 3765 1169 3825 sunt
1191 3763 1268 3826 hae:

543 3881 735 3946 Fasciculus
759 3881 778 3944 3
801 3881 1026 3963 (fot17—al)
1050 3882 1184 3946 chartae
1206 3883 1292 3964 vulg.
1308 3901 1397 3947 man.
1413 3884 1453 3947 ΙΙΙ
1476 3882 1625 3947 continet
1648 3884 1709 3948 Od.
1726 3906 1747 3946 α
1768 3884 1837 3970 etii

418 4022 522 4084 usque
544 4001 588 4066 ad
609 4023 638 4066 v.
655 4002 706 4066 37.
728 4002 816 4065 Ante
839 4001 971 4065 initium
993 4001 1228 4088 rhapsodiaeli
1251 4023 1319 4070 una
1339 4005 1462 4087 pagina
1484 4002 1569 4086 (Flet)
1591 4023 1696 4068 vacua
1718 4005 1835 4069 relicta

417 4127 477 4203 est,
509 4143 599 4207 quae·
619 4122 751 4187 videtur
779 4121 947 4187 destinata
975 4121 1079 4186 fuisse
1107 4127 1313 4206 argumento.
1362 4125 1400 4188 In
1428 4124 1493 4187 line
1521 4124 1724 4205 rhapsodias
1752 4147 1772 4187 α
1802 4129 1834 4189 et

417 4243 512 4307 initio
536 4244 649 4325 rhaps.
674 4241 691 4328 β
715 4262 817 4308 manu
838 4243 880 4306 IV
902 4242 1016 4308 addita
1039 4247 1117 4308 sunt
1140 4244 1269 4309 scholia
1294 4245 1329 4308 in
1352 4267 1373 4307 α
1394 4245 1454 4308 441
1482 4247 1514 4307 et
1535 4244 1598 4308 443
1623 4247 1656 4309 et
1678 4243 1695 4330 β
1718 4245 1769 4309 30.

541 4363 706 4428 Fasciculi
728 4360 823 4428 4-9
852 4363 921 4445 (fol.
944 4364 1094 4445 aa-n)
1124 4365 1259 4428 chartae
1286 4366 1372 4447 vulg.
1401 4363 1575 4428 continent
1603 4384 1720 4429 versus
1750 4363 1767 4450 β
1790 4365 1831 4428 38
1965 4399 1966 4402 ¹

416 4519 459 4529 -
480 4484 590 4568 η343,
612 4485 795 4566 Apostolae
811 4503 912 4548 manu
936 4485 1079 4566 scriptos
1104 4484 1183 4566 (nisi
1206 4485 1294 4567 quod
1317 4504 1360 4548 m.
1375 4485 1418 4549 IV
1440 4485 1475 4548 in
1497 4504 1600 4568 marg.
1624 4484 1738 4549 addita
1758 4489 1833 4548 sunt

418 4604 546 4669 scholia
568 4604 611 4670 ad
634 4602 652 4689 β
675 4604 718 4668 50
741 4607 774 4668 et
795 4604 850 4686 61)
876 4624 982 4687 usque
1006 4605 1049 4669 ad
1070 4625 1100 4668 ν.
1122 4624 1143 4689 η
1167 4605 1239 4683 445,
1262 4605 1373 4669 medio
1398 4604 1478 4669 folio
1503 4605 1575 4682 733
1604 4605 1683 4669 hinc
1712 4604 1832 4686 excipit
1963 4649 1965 4677 ,ι

416 4745 535 4790 manus
558 4725 598 4788 ΙΠ
622 4727 655 4789 et
677 4724 801 4789 desinit
828 4724 939 4788 medio
969 4725 1049 4789 folio
1074 4724 1143 4804 idv,
1168 4725 1260 4789 cuius
1284 4724 1413 4806 reliqua
1434 4745 1513 4807 pars
1535 4745 1640 4790 vacua
1663 4729 1723 4790 est.
1768 4725 1832 4790 Sed
1963 4703 1964 4706 Ἴ

416 4846 480 4910 hoc
514 4845 631 4910 lolium
660 4846 702 4909 74
733 4849 852 4927 postea
887 4845 1037 4910 additum
1071 4849 1131 4910 est.
1182 4844 1374 4910 Fasciculus
1410 4845 1500 4912 enim
1522 4848 1552 4925 9,
1582 4847 1638 4929 qui
1667 4865 1755 4911 nunc
1785 4849 1832 4910 est

416 4965 540 5050 quinio,
570 4965 659 5046 olim,
690 4985 765 5031 cum
794 4967 836 5032 ab
864 4966 1026 5048 Apostole
1054 4985 1160 5048 usque
1190 4966 1233 5029 ad
1261 4965 1318 5031 fol.
1342 4967 1400 5033 73r
1423 4967 1701 5046 conscriberetur,
1728 4966 1831 5032 fuerat

416 5104 591 5186 quaternio
620 5107 653 5168 et
676 5108 727 5168 est
750 5104 785 5167 in
809 5104 866 5169 fol.
888 5104 949 5168 sor
969 5103 1153 5185 Apostolae
1182 5122 1283 5168 manu
1312 5105 1462 5186 signatus
1493 5105 1630 5170 custode
1658 5072 1720 5182 ζον.
1766 5105 1830 5171 Sed

416 5245 491 5290 curn
512 5225 692 5308 Apostoles
722 5225 758 5288 in
787 5225 898 5289 medio
927 5225 1008 5290 folio
1039 5223 1098 5290 73r
1128 5223 1274 5288 scribere
1304 5224 1470 5305 desiisset,
1500 5229 1534 5290 et
1556 5245 1678 5290 novum
1701 5229 1829 5308 quater-
1963 5241 1965 5317 μ’

415 5346 595 5431 nionemq
625 5345 772 5411 scribere
796 5346 963 5428 coepisset
990 5365 1011 5410 a
1037 5364 1136 5409 versu
1162 5364 1184 5428 η
1214 5345 1275 5410 343
1305 5367 1419 5426 orsus,
1448 5366 1526 5429 pars
1556 5346 1787 5428 quaternionis
1815 5345 1830 5423 ζ
