3962 6150
964 652 1030 706 Cod.
1049 651 1138 705 Rcbd.
1157 651 1198 705 16.

547 883 575 950 Β.
618 884 654 950 bc
675 885 761 968 priore
781 881 995 963 membranarum,
1017 880 1110 966 quibus
1132 879 1211 949 utu
1231 879 1306 950 bodie
1327 880 1438 963 nutat,
1459 877 1612 948 anticione.

501 1021 572 1085 Hae
595 1020 810 1085 membranae
825 1018 1020 1102 priusquam
1036 1017 1311 1097 rescriberentur,
1333 1017 1478 1100 plurium
1502 1016 1654 1082 codicum
1676 1019 1789 1099 partes

375 1141 578 1206 efficiebant:
612 1160 691 1205 nam
727 1140 911 1222 scripturae
945 1139 1073 1222 speeies
1108 1158 1178 1203 non
1211 1138 1336 1222 ubique
1370 1139 1486 1203 eadem
1516 1141 1584 1217 est,
1616 1140 1790 1220 praeterea

374 1281 530 1326 versuum
558 1261 680 1342 prioris
710 1261 894 1343 scripturae
923 1279 1080 1325 numerus
1110 1259 1175 1324 sibi
1203 1279 1272 1323 non
1300 1261 1441 1324 constat.
1485 1258 1613 1324 Horum
1637 1257 1789 1324 codicum

373 1383 521 1465 priorem
550 1381 783 1446 condicionem
812 1381 975 1463 integram
1004 1380 1179 1445 restituere
1213 1379 1296 1444 mihi
1329 1380 1438 1444 adhuc
1467 1399 1535 1444 non
1569 1379 1676 1455 licuit;
1710 1399 1789 1444 nam

374 1504 594 1586 quadraginta
625 1503 705 1567 folia
739 1506 772 1567 et
803 1523 908 1569 unum
941 1503 1021 1586 quid
1054 1502 1249 1566 contineant
1284 1500 1414 1582 nescim
1453 1500 1603 1582 priorum
1638 1499 1791 1564 codicum

377 1628 505 1705 septem
539 1623 775 1707 quaterniones
814 1624 962 1706 integros
996 1625 1028 1686 et
1062 1626 1137 1687 octo
1177 1621 1435 1705 quaternionum
1470 1625 1583 1703 partes
1621 1619 1789 1686 constitui.

374 1746 461 1811 Sunt
482 1748 593 1809 autem
615 1743 704 1826 hi*):

608 2723 667 2789 10*
867 2725 905 2788 16
991 2725 1183 2789 1114
1272 2725 1310 2788 19

627 2605 1566 3019 1-ἑέ-1

631 3105 1547 3307 abcdfflcfgh

630 3344 1032 3410 07117067
1141 3345 1183 3408 64
1270 3346 1309 3409 77
1397 3345 1545 3408 840

884 3428 1300 3536 μμῑέ-..Ι

1060 3674 1101 3737 IV

855 3813 1331 3876 xyzw

844 3915 884 3978 78
971 3914 1012 3978 85
1166 3916 1208 3978 80
1294 3916 1334 3978 83

859 3996 996 4052 i--i
1184 3996 1322 4054 1....-1

1078 4140 1105 4201 V

625 4277 665 4356 a
750 4260 772 4322 b
882 4278 899 4322 c
1007 4258 1028 4321 (1
1159 4279 1175 4322 e
1288 4258 1302 4321 f
1413 4280 1432 4340 g
1540 4260 1562 4322 h

614 4377 675 4441 18*
755 4378 774 4442 5
870 4379 912 4443 14
997 4381 1038 4443 19
1146 4378 1205 4443 11*
1274 4381 1314 4443 17
1412 4380 1433 4442 4
1529 4381 1570 4443 13

885 4461 1302 4572 tssi

508 4911 533 4982 2⁸)
556 4913 665 4967 Litteris
690 4915 784 4968 latinis
804 4914 963 4982 significavi,
983 4931 1065 4984 quem
1084 4915 1175 4968 locum
1197 4915 1265 4967 folia
1289 4915 1355 4968 olim
1378 4915 1406 4968 in
1426 4916 1541 4984 singulis
1569 4917 1796 4986 quaternionibus

382 4999 508 5053 codicum
526 4999 648 5068 priorum
666 5002 826 5065 habuerint;
848 5001 955 5055 numeri
979 5006 1042 5056 sunt
1060 5002 1191 5056 foliorum
1209 5000 1311 5055 codicis
1336 5003 1383 5070 qui
1401 5020 1474 5057 nunc
1492 5008 1541 5056 est.
1577 5003 1629 5058 Ubi
1648 5021 1697 5072 pro
1717 5005 1795 5058 folio·

379 5103 439 5139 rum
463 5103 576 5140 numero
602 5088 711 5156 signum
734 5089 757 5142 0
781 5089 869 5157 posui,
893 5089 1011 5142 indicavi
1035 5089 1089 5142 hoc
1112 5088 1209 5142 folium
1233 5094 1280 5142 aut
1303 5090 1331 5143 in
1356 5091 1450 5144 codice
1475 5091 1625 5144 desiderari
1648 5096 1695 5145 aut
1718 5109 1796 5146 ame

379 5174 503 5227 nondum
529 5175 669 5228 inventum
697 5191 772 5237 esse3
800 5176 995 5243 quaterniones
1021 5176 1068 5243 qui
1094 5175 1159 5228 olim
1186 5193 1248 5229 sese
1272 5177 1451 5246 excipiebant,
1481 5178 1618 5231 coniunxi·
1634 5178 1740 5231 uncinis
1768 5179 1797 5232 in

380 5261 503 5326 margine
522 5260 630 5323 additis,
657 5261 804 5314 asteriscus
823 5263 837 5296 *
857 5263 891 5316 ad
910 5278 1054 5317 numerum
1072 5263 1181 5317 additus
1201 5264 1336 5332 significat
1354 5269 1462 5319 exstare
1485 5265 1514 5318 in
1532 5265 1586 5317 hoc
1604 5264 1671 5318 folio
1689 5264 1797 5320 initium

381 5346 494 5399 alieuius
514 5347 613 5414 operis.
