3962 6150
382 621 422 685 62
960 623 1026 678 Cod.
1045 623 1133 679 Rehd.
1152 627 1211 680 015.

381 845 416 914 τὸ
440 852 471 915 [a
498 843 701 928 ὑπατεύοντος
730 847 901 929 οἱττίωνοςε-
935 855 1006 920 Fol.
1038 857 1073 919 lr
1100 855 1231 920 ineunt.
1262 855 1448 919 recentiore
1482 874 1599 920 manu:
1635 852 1808 918 0011311111-

382 969 481 1035 tr'oner
508 969 635 1051 aliquot,
662 969 801 1052 quaein
824 970 932 1037 Codice
953 974 1020 1038 Da.
1043 973 1226 1039 Irnttntunt
1252 973 1483 1040 desiderantur.
1527 977 1597 1040 Eol.
1621 977 1665 1040 to
1697 976 1805 1040 med:

382 1091 470 1168 τέλος
491 1092 551 1158 τῶν
574 1088 740 1168 διατάξεων
761 1093 878 1176 νεαρῶν
900 1096 997 1179 τυροῦ
1020 1095 1170 1180 βασιλέως
1191 1097 1290 1178 (corr.
1307 1117 1348 1161 ex
1364 1095 1533 1181 βασιλείου)
1557 1096 1809 1162 coaetanea„

511 1213 708 1278 Collectioni
730 1215 936 1295 praecedunt
958 1215 1013 1280 fol.
1029 1217 1049 1279 E
1066 1236 1196 1280 summo
1212 1237 1329 1280 versus
1346 1218 1375 1295 7,
1399 1217 1550 1299 quidne:
1572 1211 1714 1300 πριβατό
1731 1215 1807 1296 ἐστι,

382 1331 475 1418 τάτζ)
492 1331 632 1418 βασιλεία
648 1329 821 1411 ἰδιαζόντως
863 1335 948 1400 des:
964 1335 1028 1400 otor
1042 1333 1059 1398 ό
1075 1332 1293 1420 λαργητιόνων,
1310 1338 1364 1399 καὶ
1379 1333 1526 1422 δημόσιος
1541 1333 1558 1400 ό
1573 1341 1627 1400 τοῦ
1642 1335 1809 1420 arama..

510 1453 608 1518 Edita
630 1456 681 1518 est
704 1455 787 1518 haec
804 1455 955 1520 collectio
972 1455 1006 1520 in
1023 1456 1169 1521 editione
1187 1457 1346 1538 Corporis
1369 1457 1451 1521 iuris
1474 1477 1573 1539 quarn
1595 1459 1809 1538 paraverunt

381 1575 416 1638 L.
428 1574 620 1640 Russardus
638 1579 670 1638 et
685 1575 782 1640 Fran.
799 1577 983 1655 DuarenuS,
999 1577 1101 1658 Ludg.
1116 1579 1208 1642 1560.
1224 1579 1262 1641 61
1282 1580 1343 1642 sub
1359 1578 1594 1659 inscriptione:
1619 1577 1807 1660 Appendix

385 1695 513 1778 aliquot
536 1695 814 1760 constitutionum
830 1697 1030 1762 Graecarum
1055 1697 1170 1762 Codiei
1186 1698 1503 1763 interiiciendarum.
1547 1699 1730 1781 Descripta
1755 1702 1809 1762 est

383 1836 403 1880 a
427 1815 462 1880 C.
485 1817 536 1880 W.
561 1817 597 1880 E.
621 1816 807 1880 Heimbaoh
830 1817 865 1898 (l.
889 1819 922 1882 S.
947 1819 1054 1882 Ersch
1077 1820 1153 1884 etl.
1178 1820 1214 1884 G.
1239 1820 1376 1897 Gruber,
1399 1819 1604 1901 Allgemeine
1634 1820 1807 1902 Encyklo-

381 1936 500 2018 paedie
534 1936 593 2000 der
626 1936 916 2002 Wissenschaften
949 1939 1018 2003 und
1044 1940 1182 2004 Krinste.
1229 1940 1256 2002 1.
1291 1939 1437 2004 Section.
1481 1941 1610 2004 A—G.
1644 1939 1712 2004 vol.
1751 1940 1805 2016 86,

380 2056 469 2138 Lips.
496 2057 577 2120 1868
599 2076 672 2138 pag.
695 2059 888 2144 087-880.)

510 2221 709 2287 Continetur
732 2225 846 2289 codice
869 2227 990 2291 altero:

508 2357 559 2425 ΙΙ.
604 2360 660 2424 fol.
694 2361 877 2427 48—1a7:
915 2363 1133 2428 Michaelis
1170 2363 1399 2429 Attaliatae
1432 2361 1580 2448 ποίημα
1613 2359 1802 2448 (πόνημα)

381 2475 554 2564 νομικόν,
579 2500 664 2544 curn
688 2483 991 2564 appendicibus
1015 2482 1156 2568 ,ποίημα
1179 2481 1311 2569 pfflqi
1333 2479 1515 2548 ἀνθυπότου
1538 2483 1592 2546 καὶ
1614 2483 1723 2567 κριτοῦ
1746 2481 1803 2546 τοῦ

381 2595 646 2664 ἀτταλειτότουτ-ιί
734 2602 813 2666 ino:
837 2601 968 2666 Μέλλων
991 2601 1016 2665 ὦ
1039 2598 1182 2667 θειότατε
1206 2602 1332 2689 βασιλεῦ
1420 2605 1504 2669 des:
1532 2609 1592 2669 τῶν
1614 2602 1802 2690 ἰακωβιτῶν,

381 2723 436 2784 καὶ
457 2720 513 2805 τήν
534 2720 594 2786 τῶν
615 2721 798 2804 τετραδττῶν
820 2722 973 2806 αἵρεσινι-
1014 2723 1070 2787 fol.
1093 2723 1134 2786 47
1165 2724 1352 2788 recentiore
1381 2744 1496 2788 manu:
1528 2721 1692 2786 dsrcboeb's
1715 2721 1803 2786 Pro·

380 2839 516 2904 conscilio
543 2844 572 2902 et
599 2838 722 2904 Ecdicio
749 2839 856 2905 Italici
883 2840 959 2906 liber
980 2839 1216 2925 quinquaqinta
1243 2841 1408 2908 titulorum
1436 2841 1528 2907 iaris.
1586 2844 1700 2908 Edidit
1732 2846 1800 2908 hoc

380 2962 561 3026 Attaliatae
583 2981 667 3043 opus
690 2961 817 3044 primus
840 2963 884 3027 Ιο.
906 2963 1115 3042 Leunclaius
1138 2963 1190 3028 lus
1214 2963 1268 3028 Gr.
1290 2965 1397 3044 Rom,
1420 2964 1573 3029 Francos.
1601 2965 1691 3044 1596,
1717 2969 1800 3028 tom.

379 3083 406 3146 ll
427 3103 500 3165 pag.
527 3083 644 3158 1-79;
668 3083 846 3165 descripsit
870 3082 905 3147 C.
929 3085 980 3148 W.
1005 3083 1433 3167 E.Hei1nbachl.l.pag.
1457 3084 1636 3148 435-437.

508 3202 611 3268 Tituli
633 3202 742 3266 Latini
774 3223 966 3286 paucaeque
1000 3203 1034 3266 in
1063 3204 1268 3285 marginibus
1303 3205 1379 3268 libri
1407 3205 1529 3286 prioris
1559 3204 1801 3269 adnotationes

381 3344 482 3388 manu
505 3323 626 3406 opinor
649 3323 778 3389 Gerarti
800 3324 1033 3406 Ealkenburgii
1055 3323 1378 3407 Noviomagensis.*)

506 3443 565 3508 Usi
595 3447 673 3507 sunt
701 3445 766 3508 hoc
793 3444 962 3509 volumine
992 3444 1072 3508 Lud.
1097 3445 1219 3508 Gitzler
1242 3444 1284 3526 (a.
1310 3445 1404 3528 1837)
1432 3448 1464 3509 et
1488 3444 1523 3509 C.
1547 3446 1598 3510 W.
1622 3445 1658 3510 E.
1682 3445 1800 3511 Heim-

378 3566 475 3642 bach,
499 3564 555 3647 qui
578 3563 661 3628 locis
685 3584 769 3646 quos
793 3565 888 3628 attuli
910 3566 973 3629 hos
998 3565 1090 3647 ipsos
1114 3565 1246 3629 codices
1271 3565 1458 3648 descripsit.
1727 3601 1763 3656 T·

508 3761 533 3832 *)
551 3762 648 3815 Exstat
669 3761 698 3814 in
720 3761 890 3815 bibliotheca
913 3763 1107 3831 Rehdigerana
1131 3763 1190 3833 (sub
1214 3779 1287 3816 num.
1309 3763 1327 3814 l
1349 3762 1370 3815 E
1394 3763 1454 3833 all)
1483 3765 1639 3832 exemplum
1669 3765 1799 3819 editionis

378 3850 509 3920 principis
532 3849 687 3912 Hexahibli‚
711 3867 795 3918 quarn
819 3850 932 3917 collegit
956 3851 1152 3905 Constantinus
1175 3850 1406 3918 Harmenopulus‚
1426 3867 1442 3903 a
1459 3851 1633 3904 Theoderico
1651 3852 1796 3906 Adamaeo

379 3938 572 4004 Suallemberg
585 3952 657 3989 anno
673 3937 740 3989 1540
752 3942 870 4003 curatae,
890 3939 964 4006 quod
977 3939 1102 4007 possedit
1115 3955 1187 3992 anno
1208 3939 1274 3992 1570
1294 3938 1441 4004 ,γεραρτὸς
1460 3935 1474 3989 ὁ
1493 3938 1711 4007 Φαλκεπύργειος
1729 3943 1798 3994 Νεο-

380 4025 504 4093 μαγεός“.
529 4025 555 4077 Is
574 4024 743 4092 marginibus
762 4025 843 4078 huius
862 4025 925 4079 libri
942 4026 1018 4080 haud
1035 4043 1125 4095 pauca
1143 4026 1288 4094 adscripsit
1301 4042 1367 4078 suae
1385 4024 1471 4092 ipsius
1491 4025 1640 4089 doetrinae,
1658 4027 1747 4080 multa
1765 4043 1799 4079 ex

378 4112 455 4165 libris
483 4109 623 4180 impressis
651 4115 734 4179 atque
758 4127 791 4164 ex
815 4112 955 4166 codicibus
980 4114 1086 4182 aliquot
1109 4117 1135 4167 et
1157 4112 1301 4166 Marcianis
1327 4117 1353 4165 et
1375 4111 1526 4175 Vaticanis;
1551 4114 1687 4181 excerpsit
1713 4115 1797 4167 etiam

379 4200 454 4252 haud
477 4215 539 4252 raro
564 4200 634 4251 duos
659 4199 768 4252 codices
792 4199 838 4266 qui
862 4199 948 4268 ipsius
974 4206 1058 4264 erant,
1084 4202 1118 4254 de
1142 4201 1241 4269 quibus
1260 4200 1288 4252 in
1306 4199 1354 4252 illo
1373 4199 1444 4252 libro
1468 4200 1633 4254 haecdicit:
1657 4199 1796 4264 „Codicem

377 4285 489 4351 νεαρῶν,
508 4300 566 4337 eum
585 4300 635 4352 quo
650 4284 707 4352 fert
724 4300 812 4338 omnes
829 4285 948 4340 naratha
964 4287 1071 4356 contuli,
1090 4302 1157 4355 qrrar
1169 4285 1389 4354 Horntanopalar
1406 4284 1489 4349 babel,
1507 4289 1601 4340 noctua
1616 4286 1662 4354 fui
1673 4285 1795 4350 Patauii,

376 4369 716 4426 annotarem.
738 4370 882 4439 Epitomen
904 4371 1044 4427 Mirlroelts
1065 4373 1245 4437 Proconrntis,
1268 4370 1427 4426 Bonnonioe
1450 4387 1522 4425 cano
1545 4371 1672 4427 LXVI“.
1719 4373 1795 4427 Haec

377 4458 520 4512 Michaelis
539 4457 660 4525 epitoma
678 4459 752 4511 haud
771 4459 829 4512 scio
848 4475 883 4512 an
901 4460 1008 4528 πόνημα
1025 4461 1094 4514 illud
1113 4461 1148 4514 sit
1165 4460 1314 4514 Attaliatae
1334 4460 1368 4512 de
1392 4474 1447 4526 quo
1467 4459 1631 4526 supradixi.
1668 4459 1796 4513 Ceterum

379 4546 462 4599 etiarn
484 4545 630 4598 Hexahihli
658 4546 744 4598 codex
766 4546 906 4600 Parisinus
932 4549 999 4601 1355
1026 4548 1095 4601 locis
1123 4564 1157 4601 ex
1178 4547 1327 4600 Attaliatae
1355 4545 1424 4598 libro
1454 4546 1587 4614 excerptis
1616 4551 1711 4600 auctus
1739 4552 1794 4610 est;

377 4651 403 4686 v.
421 4632 575 4685 Heirnbach
593 4633 611 4685 l.
635 4649 657 4686 c.
680 4649 742 4700 pag.
766 4634 817 4687 437
842 4636 893 4689 col.
917 4652 933 4688 a
952 4641 1018 4689 extr.
1043 4665 1076 4674 -
1099 4635 1229 4689 Eiusdem
1251 4635 1399 4704 „yspaprob
1418 4636 1465 4684 τοῦ
1483 4633 1699 4700 φαλκωττόργου“
1718 4651 1791 4687 anno

381 4721 449 4773 1564
470 4720 601 4773 volumen
624 4719 674 4772 luit
697 4721 771 4787 quod
794 4737 867 4775 nunc
891 4727 933 4775 est
956 4722 1141 4776 bibliothecae
1165 4721 1376 4788 Rehdigeranae
1401 4719 1451 4771 suh
1475 4719 1704 4784 11111111Ε508,
1728 4721 1795 4773 olim

378 4807 409 4860 R.
429 4808 448 4870 Ι,
468 4824 492 4859 a.
510 4807 535 4859 l.
556 4807 578 4859 1.
599 4807 626 4868 7;
645 4805 673 4859 id
692 4807 814 4860 continet
832 4808 936 4876 Orphei
953 4809 1139 4876 Argonautica
1157 4810 1330 4876 hymnosque
1349 4806 1385 4860 ad
1402 4807 1543 4860 Musaeum
1562 4810 1589 4858 et
1611 4806 1702 4860 Procli
1720 4806 1795 4874 Lycii

377 4895 494 4962 hymnos
522 4893 688 4964 (Florentiae
717 4894 793 4964 1500)
821 4900 848 4948 et
874 4895 1016 4964 Apollonii
1042 4895 1228 4963 Argonautica
1255 4911 1316 4948 curn
1347 4893 1460 4947 scholiis
1488 4893 1562 4963 (ibid.
1592 4892 1676 4962 1496).
1706 4893 1791 4960 Argo·

378 4982 489 5036 nautica
512 4981 560 5034 illa
578 4981 670 5049 priora
687 4981 781 5034 multis
805 4982 873 5035 locis
891 4983 939 5036 ille
958 5000 1008 5036 sua
1025 4999 1109 5036 manu
1128 4981 1284 5035 emendavit
1307 4986 1335 5034 et
1354 4980 1512 5048 explicavit,
1535 4979 1645 5048 hymnis
1664 4978 1791 5047 Orphicis

377 5086 465 5138 pauca
495 5085 528 5122 ex
555 5069 625 5122 libro
655 5069 854 5137 manuscripto,
885 5087 968 5138 quern
998 5071 1084 5124 semel
1113 5074 1195 5122 vocat
1217 5069 1387 5131 Vaticanum,
1415 5067 1521 5121 adiecit.
1574 5067 1651 5120 Idem
1677 5067 1792 5119 Ealken·

378 5159 489 5224 burgius
509 5157 664 5224 exemplum
687 5156 815 5210 editionis
838 5156 969 5225 principis
992 5157 1082 5210 Nonni
1106 5156 1333 5224 Dionysiacorum
1356 5156 1391 5208 ab
1415 5155 1475 5223 ipso
1500 5170 1573 5207 anno
1594 5154 1661 5206 1569
1684 5158 1793 5206 curatae

378 5247 413 5298 ad
432 5245 567 5298 Thomam
581 5244 767 5312 Rehdigerum
786 5244 980 5298 amicissimum
999 5245 1080 5307 misit,
1103 5261 1203 5298 munus
1221 5262 1323 5299 ornans
1342 5244 1466 5298 versibus
1486 5244 1595 5297 Graecis
1618 5243 1792 5297 dedicatoriis

379 5333 426 5401 qui
444 5333 515 5401 typis
533 5332 659 5400 impressi
677 5337 741 5385 sunt
759 5335 832 5402 apud
850 5332 1035 5395 Wachlerum
1054 5333 1177 5386 Thomas
1196 5333 1335 5398 Rehdiger
1354 5336 1404 5385 etc.
1423 5349 1449 5400 p.
1468 5333 1502 5384 69
1521 5348 1562 5399 sq.
