3962 6150
403 1919 579 2016 Guilelmus
607 1950 802 2024 Studemuud,
833 1969 902 2014 cum
929 1950 1127 2030 Argentorato
1149 1951 1353 2014 Vratislaviam
1375 1951 1623 2030 transmigrasset,
1657 1953 1689 2015 in

276 2073 332 2134 hac
355 2072 430 2137 urbe
452 2091 543 2136 namn
565 2091 629 2134 rem
651 2071 772 2145 invenit,
806 2088 895 2149 quam
921 2071 953 2134 in
980 2073 1032 2134 illa
1054 2072 1245 2135 universitate
1272 2072 1410 2134 omnibus
1432 2072 1600 2135 studiorum
1621 2075 1688 2134 sub-

276 2192 358 2256 sidiis
385 2193 525 2256 affluente
552 2192 780 2266 desideraverat,
814 2192 1026 2256 bibliothecam
1059 2192 1126 2254 dico
1159 2192 1243 2256 libris
1270 2192 1481 2270 manuscriptis
1513 2192 1633 2254 Graecis
1661 2200 1691 2256 et

277 2312 388 2374 Latinis
409 2314 486 2375 bene
518 2313 704 2376 instructam.
749 2313 826 2387 Quid
848 2312 891 2374 illi
920 2313 1086 2392 exoptatius
1115 2312 1233 2376 evenire
1255 2312 1361 2391 potuit,
1390 2313 1441 2390 qui
1469 2313 1539 2374 inde
1561 2314 1598 2374 ab
1619 2315 1689 2375 adu·

277 2432 422 2496 lescantia
454 2451 542 2494 omne
575 2433 637 2494 lere
669 2433 801 2496 studium
830 2435 1035 2497 collocavisset
1066 2433 1097 2495 iu
1125 2433 1209 2495 libris
1244 2440 1380 2495 veterum
1417 2433 1628 2512 investigandis
1655 2454 1691 2496 ax

277 2553 526 2618 bibliothecarum
539 2552 598 2616 situ
616 2554 825 2631 protrahendis
846 2554 1071 2632 perscrutandis
1092 2555 1172 2617 inter
1194 2575 1227 2617 se
1249 2554 1447 2628 conferendis,
1471 2562 1501 2616 et
1521 2554 1573 2633 qui
1588 2554 1692 2616 iisdem

277 2672 383 2736 studiis
415 2673 503 2736 etiam
536 2671 696 2750 discipulos
728 2691 799 2736 suos
833 2673 925 2738 imbui
957 2675 1216 2738 vehementissime
1249 2679 1392 2753 cuperet?
1439 2675 1515 2735 Nam
1547 2675 1627 2752 quod
1659 2673 1692 2734 in

277 2794 428 2872 plerisque
439 2793 614 2858 Germaniae
629 2795 787 2858 academiis
801 2803 923 2875 propter
939 2797 1087 2858 librorum
1099 2795 1373 2874 manuscriptorum
1394 2794 1525 2873 inopiam
1545 2793 1609 2856 fieri
1630 2795 1692 2855 fere

279 2915 391 2994 nequit,
420 2923 454 2977 ut
485 2915 599 2978 tirones
626 2914 691 2994 ipso
719 2935 775 2979 usu
809 2925 843 2979 et
866 2917 1083 2980 consuetudine
1118 2917 1255 2978 codicum
1282 2915 1485 2990 instituantur,
1514 2915 1545 2976 id
1576 2915 1633 2976 hac
1661 2913 1694 2975 in

279 3038 353 3100 urba
374 3055 505 3114 pronum
526 3043 556 3098 et
577 3037 609 3098 in
630 3036 768 3100 manibus
790 3045 844 3100 cst.
888 3040 989 3116 ltaque
1005 3059 1021 3100 e
1035 3038 1226 3100 multitudine
1240 3036 1478 3100 adulescentium
1492 3035 1694 3098 studiosorum

280 3178 339 3236 qua
366 3157 491 3236 stipatus
525 3165 589 3218 erat
616 3157 705 3236 elegit
737 3177 812 3235 quos
844 3159 883 3219 ad
916 3179 981 3220 eam
1013 3177 1079 3220 rem
1104 3159 1231 3220 maxime
1263 3159 1386 3220 idoneos
1414 3157 1551 3236 cognovit
1583 3175 1693 3234 eosque

281 3276 366 3338 iussit
386 3279 475 3338 modo
497 3276 579 3338 hunc
601 3278 691 3338 modo
713 3277 799 3340 illum
825 3278 959 3346 codicem
972 3279 1169 3345 bibliothecae
1184 3279 1305 3344 urbicae
1319 3278 1467 3358 inspicere
1488 3277 1534 3339 vel
1557 3277 1694 3340 conferre

282 3417 351 3458 cum
372 3395 455 3457 libris
476 3396 628 3476 impressis
649 3398 696 3463 vel
711 3398 890 3474 describere,
914 3401 1119 3477 ecquomodo
1141 3402 1278 3482 sperabat
1299 3401 1363 3462 fore
1386 3408 1419 3462 ut
1440 3399 1539 3477 aliquo
1562 3405 1694 3480 tempore

283 3517 434 3595 catalogus
450 3516 586 3578 codicum
602 3515 876 3596 manuscriptorum
891 3519 1071 3585 Graecorum
1090 3557 1127 3566 -
1154 3541 1223 3587 nam
1237 3521 1274 3582 de
1289 3520 1336 3584 his
1350 3519 1479 3598 primum
1494 3518 1639 3598 cogitabat
1653 3551 1693 3566 -ψ

282 3639 318 3699 ab
341 3637 399 3700 illis
423 3637 628 3700 conficeretur.
674 3638 733 3699 Sed
754 3646 950 3718 postquama
977 3641 1135 3723 philologis
1157 3639 1348 3716 Germanicis,
1377 3641 1427 3720 qui
1449 3639 1595 3703 Turicum
1616 3658 1695 3702 anno

286 3762 365 3822 1887
390 3767 604 3835 convenerunt,
635 3761 830 3825 constitutum
858 3770 912 3838 est,
946 3771 980 3824 ut
1006 3761 1159 3841 proximus
1185 3762 1405 3842 philologorum
1428 3767 1592 3826 conventus
1613 3759 1697 3824 fieret

283 3880 404 3944 Gorlicii
424 3890 587 3944 auctumno
609 3881 681 3942 anni
699 3883 789 3958 1889,
813 3902 882 3944 cum
904 3890 934 3943 et
954 3882 1114 3961 philologis,
1133 3883 1165 3944 in
1187 3883 1292 3944 urbem
1313 3881 1484 3943 Silesiacam
1507 3879 1697 3942 conventuris

284 4005 402 4068 nullum
414 4023 525 4068 munus
539 4001 633 4081 magis
648 4002 790 4064 idoneum
804 4003 903 4064 offerri
919 4023 1006 4082 posse
1019 4010 1138 4081 putaret
1151 4022 1241 4080 quam
1256 4003 1423 4080 catalogum
1437 4001 1575 4063 codicum
1588 4000 1696 4061 Vratis-

285 4123 467 4199 leviensium,
490 4123 659 4186 studiorum
679 4122 928 4202 philologicorum
949 4123 1007 4184 iam
1021 4131 1090 4185 ante
1103 4122 1162 4184 tria
1182 4124 1303 4184 saecula
1324 4122 1355 4183 in
1377 4121 1483 4183 Silesia
1504 4119 1698 4182 fervidissime

286 4243 436 4305 cultorum
456 4241 729 4306 luculentissimum
743 4242 956 4318 testimonium,
973 4250 1002 4305 et
1012 4243 1076 4322 ipse
1085 4245 1190 4306 morbo
1212 4243 1384 4322 gravissimo
1396 4248 1552 4320 correptus
1569 4239 1699 4302 nonsibi

286 4364 344 4426 iam
359 4383 427 4441 spes
443 4365 548 4443 longas
564 4365 749 4427 incohandas
764 4383 830 4428 esse
846 4365 981 4439 sentiret,
991 4364 1115 4426 mutavit
1127 4364 1294 4426 consilium.
1322 4362 1402 4425 Adiit
1412 4362 1579 4440 philologos
1590 4361 1698 4422 Vratis·

287 4485 433 4548 laviauses
454 4486 561 4548 harum
583 4505 685 4548 rerum
706 4486 827 4564 peritos,
856 4495 889 4548 ut
911 4486 1048 4548 codicum
1070 4484 1333 4546 describendorum
1361 4453 1483 4561 operam
1503 4482 1698 4560 susciperent,

287 4605 359 4668 adiit
383 4606 588 4684 magistratum
609 4605 875 4679 Vratislaviensem,
898 4613 932 4668 ut
952 4605 1079 4685 publicis
1100 4605 1266 4685 sumptibus
1286 4604 1454 4682 catalogum
1475 4603 1550 4682 typis
1571 4600 1701 4683 imprimi

289 4733 417 4789 curaret.
461 4725 611 4800 Quicum
631 4725 837 4789 liberalissime
865 4725 896 4786 id
923 4727 1084 4802 adnuisset,
1117 4727 1308 4790 Hermannus
1330 4725 1480 4804 Markgraf
1504 4723 1701 4786 bibliothecae

289 4849 409 4912 urbicae
441 4847 624 4927 praefectus,
657 4853 695 4912 ed
725 4871 760 4913 se
797 4850 968 4914 convocavit
999 4849 1182 4927 Leopoldum
1210 4846 1310 4920 Cohn,
1343 4844 1577 4911 Maximilianum
1609 4843 1699 4918 Trsu,

289 4970 460 5032 Conradum
475 4969 598 5042 Zacher,
620 4969 856 5047 (Studemundus
877 4969 973 5032 morbi
995 4943 1276 5047 rurorc'impeditus
1298 4968 1401 5029 adesse
1423 4985 1486 5028 non
1507 4966 1644 5045 poterat),
1669 4971 1703 5026 ut

290 5092 406 5154 codices
428 5089 640 5152 describendos
661 5089 739 5152 inter
760 5111 793 5153 se
809 5090 1008 5171 dispertirent.
1053 5089 1076 5150 Ε
1097 5087 1205 5167 quibus
1226 5089 1394 5167 Leopoldus
1409 5088 1492 5149 Gohn
1514 5086 1604 5166 paulo
1625 5091 1702 5163 post,

290 5212 355 5273 aliis
382 5211 509 5292 negotiis
542 5210 703 5283 distentus,
736 5209 854 5290 incepto
882 5211 1007 5285 destititr
1041 5210 1074 5270 in
1112 5208 1176 5270 aius
1207 5211 1309 5271 locum
1341 5215 1553 5272 successerunt
1579 5207 1703 5268 lacobus

290 5333 500 5406 treudenthat
523 5331 668 5394 Ricardus
687 5329 895 5408 Reitzenstein,
919 5331 989 5395 Otto
1009 5311 1169 5392 Rossbach.
