3962 6150
373 646 415 718 20
960 643 1026 704 Cod.
1045 649 1133 704 Rehd.
1152 647 1193 704 96.

1654 757 1788 766 ᾔ..-

502 878 533 947 5.
578 880 634 945 101.
657 879 791 943 dV—-br
818 877 921 942 med:
951 876 1121 943 Scholia
1147 877 1191 942 ad
1219 876 1376 958 rhapsod.
1398 876 1429 939 A
1455 874 1668 957 pertinentia,
1703 893 1789 957 quae

374 1003 512 1082 excepto
531 1000 641 1082 primo
658 999 787 1064 scholio
803 999 845 1064 ad
859 998 991 1082 Didymi
1007 1017 1091 1081 qnae
1106 1001 1269 1063 vocantur
1281 995 1409 1062 scholia
1424 995 1593 1060 recedunt.
1637 994 1786 1058 Primum

375 1120 538 1186 scholium
554 1120 807 1203 grammaticum
830 1120 923 1202 (inc.:
945 1117 980 1182 τὸ
1003 1121 1023 1181 α
1039 1117 1181 1203 σημαίνει
1195 1116 1213 1195 ζ
1228 1115 1384 1201 στέρησιν·
1401 1115 1550 1183 ἐπίτασιν·
1565 1112 1656 1200 ὁμοῦ·
1672 1113 1786 1180 καλὸν·

373 1242 441 1306 des.
466 1242 711 1325 imperfectum:
740 1239 881 1325 ἄθροισιν
903 1237 944 1316 ok
965 1237 1013 1323 τὸ)
1035 1240 1205 1305 undenam
1228 1241 1397 1321 sumptum
1421 1237 1464 1302 sit
1487 1237 1611 1302 nescio.

499 1385 532 1457 6.
577 1389 633 1453 fol.
667 1389 705 1453 5r
737 1388 839 1453 med:
874 1385 1049 1471 „agerer
1088 1382 1236 1472 ὃμνῙρου
1280 1385 1346 1449 τοῦ
1384 1384 1615 1470 normula—‘⁴
1701 1381 1784 1446 ina:

384 1507 511 1594 Ομηρος
534 1506 553 1576 ὃ,
573 1508 704 1593 ποιητής
725 1507 789 1585 υίὸς
811 1509 866 1593 μέν
887 1505 926 1592 ἦν
1013 1507 1099 1572 des:
1121 1500 1305 1590 κοσμήτορα
1327 1504 1415 1572 θεῖον
1437 1502 1593 1589 ὅμηρονί

442 1725 444 1729 .
503 1655 533 1725 7.
579 1657 729 1740 sequitur
744 1656 1029 1722 alteraHOmeri
1051 1655 1150 1734 vita,
1227 1647 1654 1738 ἱιιο.;”ομηροςόποιητής,
1670 1646 1787 1734 πατρὸς

373 1778 427 1862 μέν
448 1774 487 1861 ἦν
510 1775 658 1862 μέλητος·
746 1777 832 1841 des:
854 1771 1039 1860 κοσμήτορα
1061 1774 1148 1839 θεῖον
1171 1772 1315 1859 δμηρονι·

498 1906 570 1972 Hae
593 1906 678 1971 duae
699 1906 787 1970 vitae
809 1904 955 1988 primum
978 1905 1087 1969 editae
1110 1908 1188 1968 sunt
1210 1904 1252 1968 ab
1274 1903 1408 1981 Allatio‚
1436 1902 1484 1966 De
1505 1900 1616 1983 patria
1636 1899 1785 1978 Homeri,

370 2026 521 2109 Lugduni
547 2026 638 2104 1640,
660 2046 735 2108 ρος.
751 2017 792 2090 88
809 2046 858 2108 sq.
883 2028 915 2089 et
929 2044 1003 2107 pag.
1019 2025 1061 2090 86
1078 2045 1138 2107 sq,
1161 2023 1323 2107 repetitae
1345 2045 1365 2088 a
1387 2024 1657 2099 Westermanno,
1673 2020 1785 2102 Biogr.

371 2146 488 2212 Graeci
514 2167 589 2228 pag.
611 2146 652 2211 87
677 2151 710 2210 et
736 2166 811 2228 ρος.
839 2146 881 2210 88
910 2166 981 2229 sqq.
1035 2145 1162 2210 Eodem
1191 2143 1308 2209 ordine
1338 2163 1403 2226 quo
1432 2143 1467 2206 in
1489 2143 1554 2206 hoe
1583 2141 1699 2206 codice
1721 2140 1786 2204 hae

373 2267 461 2331 vitae
485 2287 560 2331 sese
584 2265 754 2348 excipiunt
776 2266 811 2329 in
832 2265 987 2331 Parisino
1012 2265 1139 2330 Graeco
1162 2265 1257 2344 1556,
1287 2285 1327 2329 ex
1351 2283 1416 2346 quo
1440 2282 1496 2328 eas
1521 2262 1625 2328 edidit
1648 2260 1786 2326 Cramer

370 2387 495 2451 Aneed.
519 2386 625 2451 Paris.
647 2386 713 2450 vol.
735 2385 777 2449 Ill
798 2406 872 2469 pag.
895 2386 935 2451 97
960 2407 1032 2469 sqq.

498 2531 531 2601 8.
576 2533 632 2598 fol.
661 2533 698 2597 5r
720 2532 796 2598 inf.:
829 2533 1003 2600 Scholium
1036 2533 1288 2615 grammaticum
1318 2531 1360 2596 ad
1387 2531 1422 2596 11.
1449 2531 1479 2595 A
1504 2531 1536 2606 l;
1566 2529 1617 2595 ed.
1647 2528 1785 2594 Cramer

369 2655 390 2719 l.
414 2672 441 2718 c.
464 2673 538 2736 pag.
564 2653 763 2733 nans-a.

497 2797 530 2868 9.
574 2801 630 2865 fol.
660 2801 715 2865 5V:
743 2800 995 2882 Argumenta
1024 2761 1129 2884 prosa
1162 2800 1316 2867 oratione
1350 2799 1555 2881 conscripta,
1583 2797 1784 2880 rhapsodiae

369 2921 397 2984 A
422 2920 599 3004 singulare,
622 2920 879 3004 rhapsodiarum
902 2923 997 2988 B—Z
1021 2911 1101 2988 bina
1124 2922 1225 3005 (conf.
1250 2943 1350 3006 supra
1371 2942 1445 3005 ρος.
1471 2921 1510 2988 16
1533 2920 1671 3001 adnot).

494 3145 577 3211 Post
597 3146 726 3213 finitam
750 3147 966 3230 rhapsodiam
989 3145 1017 3212 Ω
1041 3152 1225 3231 sequuntur
1247 3149 1282 3213 in
1305 3148 1386 3213 folio
1412 3149 1491 3212 119v
1513 3147 1613 3211 haec:

498 3317 553 3387 10.
599 3320 858 3402 Epigramma
881 3321 921 3384 in
936 3321 1127 3386 Hectoris
1149 3322 1345 3386 tumulum
1368 3321 1465 3402 vulgo
1481 3319 1630 3383 Adriano
1647 3317 1783 3383 Caesari

368 3440 419 3504 vel
442 3440 641 3504 Germanico
670 3441 846 3507 tributum:
876 3458 922 3522 ‚‚†
937 3442 979 3518 είς
1000 3441 1052 3507 τὸν
1075 3443 1202 3526 έιιτορος
1223 3439 1322 3526 τάφον
1349 3440 1560 3526 έπίγραμμα.“
1584 3469 1623 3494 =
1647 3440 1783 3504 Anthol.

366 3559 540 3624 Ρο1ο1.ΙΧ.
557 3561 619 3627 387
643 3561 707 3643 (ed.
723 3539 841 3627 lacobs
857 3564 884 3627 ll
898 3584 972 3647 ρος.
992 3563 1061 3642 138,
1085 3564 1135 3629 ed.
1151 3563 1279 3628 Duehn.
1297 3563 1324 3627 Π
1344 3583 1419 3646 ρος.
1436 3563 1499 3646 80).
1587 3561 1668 3626 inc:
1691 3561 1783 3645 έντορ

366 3675 475 3764 ἀρήϊον
498 3680 574 3765 αίμα
661 3681 745 3747 des:
768 3682 895 3746 κεῖσθαι
916 3684 1020 3749 πᾶσαν
1041 3680 1095 3747 ὑπ’
1120 3680 1278 3750 ιἰνεοίδαι-
1499 3685 1500 3690 ’

497 3826 553 3895 11.
597 3828 857 3911 Epigramma
896 3830 942 3896 de
975 3832 1193 3897 laboribus
1226 3832 1422 3897 Herculis
1460 3827 1576 3910 ,οίθλοι
1613 3781 1668 3892 τοῦ
1692 3825 1784 3924 Ινῑρα-

366 3946 506 4024 uterer
595 3949 675 4014 inc:
698 3952 843 4034 ÷opoica
872 3952 926 4036 μὲν
955 3951 986 4017 ἐν
1014 3951 1108 4037 νεμέη
1196 3953 1282 4018 des:
1309 3951 1390 4028 νέαις
1412 3949 1592 4028 συνελέξατο
1615 3945 1784 4033 κούραιςε-

453 4085 539 4150 Sunt
562 4085 610 4149 illi
633 4106 750 4151 versus
773 4089 996 4170 memoriales
1021 4090 1075 4174 qui
1100 4090 1134 4157 in
1156 4089 1380 4172 Anthologiae
1402 4087 1575 4153 Palatinae
1598 4086 1781 4170 appendice

366 4205 537 4271 Planudea
564 4207 719 4288 leguntur
746 4207 810 4290 (ap.
833 4210 1021 4275 lacobsium
1043 4210 1070 4274 Π
1096 4230 1170 4294 ρος.
1194 4211 1266 4288 651,
1295 4231 1347 4292 ap.
1371 4209 1584 4274 Duebnerum
1607 4208 1687 4273 XVI.
1711 4207 1781 4290 98);

367 4327 408 4391 de
431 4327 551 4410 quibus
575 4328 662 4392 coni.
679 4328 838 4394 Oltonem
860 4331 944 4395 lahn
959 4331 994 4395 in
1009 4331 1095 4396 libro
1113 4331 1169 4414 qui
1184 4331 1377 4396 inscribitur
1400 4329 1636 4410 „Criechische
1653 4328 1781 4394 Bilder-

366 4447 571 4513 chroniken“
593 4468 667 4531 pag.
690 4449 731 4514 85
756 4471 804 4533 sq.

496 4593 551 4662 12.
597 4595 766 4661 Cornuti
784 4597 1026 4680 Compendii
1048 4598 1282 4681 theologiae
1299 4598 1480 4663 Graecae
1501 4597 1633 4662 initium
1656 4613 1780 4682 ,ταρρ-

365 4709 474 4778 νούτου
503 4714 653 4805 ἐπιδρομή
683 4717 742 4780 τῶν
769 4717 853 4782 κατὰ
878 4718 934 4803 τήν
966 4717 1133 4804 ἑλληνικήν
1159 4717 1296 4803 θεωρίαν
1328 4717 1612 4803 παραδιδομένων.“
1699 4719 1778 4782 inc:

363 4830 402 4897 ‘0
431 4826 559 4918 οὐρανὸς
587 4833 612 4899 d
640 4835 769 4917 παιδίον,
804 4837 943 4924 περιέχει
1030 4840 1115 4904 des:
1148 4839 1203 4902 καί
1236 4837 1510 4924 λαμπαδηφορίαις
1545 4837 1717 4925 χαίρουσαν
1739 4867 1779 4894 =

366 4954 534 5021 Cornutus
558 4957 608 5022 ed.
631 4958 733 5042 Lang‚
757 4959 889 5042 Lipsiae
914 4960 1005 5040 1881,
1028 4979 1101 5042 pag.
1128 4960 1270 5038 1-5,1s.

493 5094 565 5159 Hoc
589 5095 728 5161 Cornuti
751 5097 983 5178 fragmentum,
1006 5096 1096 5179 quod
1118 5098 1268 5179 quamvis
1296 5098 1450 5181 exiguum
1479 5099 1532 5180 sit,
1559 5103 1672 5164 tamen
1695 5120 1780 5164 non-

367 5215 475 5280 nullas
499 5216 643 5298 optimas
666 5217 829 5282 lectiones
857 5218 1006 5299 praebet,
1034 5237 1118 5300 quae
1141 5218 1176 5282 in
1199 5220 1319 5285 ceteris
1348 5220 1487 5286 Cornuti
1515 5218 1686 5286 codicibus
1709 5241 1780 5285 non

364 5341 506 5416 exstant,
529 5337 638 5424 adhuc
661 5337 787 5402 nemini
811 5338 965 5403 innotuit.
