3962 6150
523 1837 568 1947 Ι.
640 1839 888 1950 Codices
924 1839 1348 1981 Rehdigerani.

838 2115 1042 2124 -—--—--·-

913 2287 969 2371 ll.

747 2459 889 2530 (cxxxrx
907 2483 941 2508 =
960 2460 987 2513 s
1006 2459 1025 2513 1.
1044 2459 1069 2513 a.
1087 2457 1122 2528 a.)

359 2595 473 2662 Codex
503 2599 699 2665 chartaceus
727 2599 836 2666 forma
864 2599 1026 2683 quadrata
1053 2598 1185 2662 minore
1214 2597 1321 2680 (11116
1344 2609 1383 2668 ><
1407 2597 1502 2676 0,163
1524 2598 1645 2681 meta),

108 2711 111 2718 ’
232 2715 387 2781 foliorum
402 2718 475 2796 nol,
490 2719 607 2801 viginti
623 2719 769 2804 quinque
785 2720 1060 2804 quaternionibus
1077 2721 1110 2782 et
1124 2717 1262 2783 binione
1278 2721 1448 2782 constans.
1494 2717 1645 2800 Scriptus

231 2839 282 2902 est
298 2837 431 2903 saeculo
447 2839 519 2904 XVI
541 2860 561 2905 a
582 2839 689 2906 tribus
710 2842 922 2908 hominibus:
945 2839 1122 2905 duodecim
1143 2838 1243 2921 primi
1267 2839 1504 2922 quaterniones
1527 2837 1646 2921 (usque

230 2956 273 3022 ad
294 2958 397 3023 verba
418 2954 616 3044 ἡγησάμενος
639 2957 656 3024 ὁ
677 2981 723 3026 oo
747 2991 786 3017 =
808 2962 928 3044 Agath.
950 2961 991 3026 Ill
1015 2960 1064 3040 16,
1088 2958 1245 3026 editionis
1268 2960 1377 3026 Bonn.
1399 2959 1645 3024 Niebuhrianae

229 3097 303 3160 pag.
335 3077 459 3162 lino)
482 3099 502 3144 a
524 3079 651 3146 Graeco
674 3082 830 3164 quodam,
859 3085 1016 3165 quattuor
1042 3081 1099 3165 qui
1128 3084 1311 3164 sequuntur
1334 3079 1452 3162 (usque
1478 3079 1522 3145 ad
1543 3080 1646 3146 verba

230 3194 423 3282 αὐθαιρέτως
444 3199 520 3264 εἴκει
541 3209 604 3278 τοῖς
626 3229 666 3258 =
688 3202 808 3284 Agath.
831 3203 873 3268 lV
897 3203 946 3282 10,
969 3201 1048 3266 ibid.
1072 3221 1146 3283 pag.
1169 3201 1291 3284 annu)
1314 3201 1356 3266 ab
1378 3202 1484 3264 altero
1508 3199 1645 3280 Graeco,

231 3317 349 3399 reliqui
372 3339 413 3396 „a
434 3319 570 3386 librario
594 3321 783 3404 alienigena
805 3325 838 3386 et
859 3321 969 3404 graeci
993 3320 1160 3387 sermonis
1182 3339 1290 3403 paene
1313 3320 1440 3402 ignaru,
1464 3319 1520 3403 qui
1543 3319 1644 3403 siglas

231 3438 374 3520 exempli
397 3440 449 3505 sui
471 3461 540 3506 non
562 3443 789 3526 intelligebat‘
813 3443 914 3526 (conf.
938 3442 975 3508 Β.
997 3442 1146 3510 Niebuhr
1168 3441 1211 3506 ad
1232 3461 1306 3524 pag.
1330 3441 1461 3524 mm).

360 3609 583 3677 Continentur
606 3615 738 3681 codice:

357 3739 565 3823 Agathiae
593 3742 846 3808 scholastici
873 3742 1070 3827 Myrinaei
1091 3741 1372 3808 Historiarum
1400 3739 1499 3803 libri
1528 3738 1647 3821 quin-

230 3879 305 3942 que
340 3857 499 3946 „aquillon
529 3861 740 3948 σχολαστικοῦ
776 3862 932 3949 μυριναίου
962 3859 1100 3946 ἱστοριῶν
1127 3857 1216 3925 ott-‘⁴
1303 3860 1384 3926 inc:
1412 3857 1521 3924 Καλὸν
1547 3855 1647 3944 μέντοι

231 3981 342 4065 χρῆμα
429 3981 515 4047 des:
543 3975 627 4060 ὄντες
655 3991 717 4060 τοῖς
749 3981 902 4060 πλείστοις
933 3979 1125 4068 ήγνόηντοε-
1157 3979 1294 4067 &ratleo
1323 3979 1533 4067 σχολαστικοῦ
1566 3977 1647 4042 ἱστο-

233 4103 305 4180 ριῶν
325 4096 361 4165 ξ’.
383 4099 481 4179 τέλος.
1445 4191 1448 4198 Ι

356 4219 557 4287 Niebuhrius
573 4222 663 4288 hunc
679 4223 840 4305 codicem,
857 4224 949 4290 cuius
966 4223 1121 4289 notitiam
1143 4222 1323 4288 Francisco
1339 4221 1479 4286 Passow
1494 4219 1646 4300 debebat,

230 4339 376 4419 appellat
402 4339 433 4406 R
460 4340 546 4424 (pag.
575 4343 619 4407 IX
648 4348 681 4409 et
708 4343 752 4408 XI
779 4345 852 4428 sq).
901 4345 1150 4430 Bonaventura,
1176 4341 1337 4408 Vulcanio
1370 4344 1457 4408 teste
1490 4339 1532 4424 (v.
1561 4339 1646 4404 Bon.

230 4457 380 4523 Vulcanii
402 4461 518 4543 Notae,
542 4463 661 4546 quibus
685 4465 789 4532 multa
803 4464 966 4548 Agathiae
989 4466 1064 4531 loca
1079 4465 1292 4531 declarantur
1313 4467 1385 4542 etc,
1407 4461 1509 4544 Lugd.
1532 4460 1646 4526 Batav.

232 4577 325 4657 1594,
353 4578 389 4642 in
415 4582 533 4666 praef.)
567 4583 717 4649 Thomas
750 4584 937 4670 Reudiger,
971 4607 1069 4670 quem
1103 4585 1202 4651 annis
1234 4569 1452 4650 1567ss1569
1485 4582 1520 4646 in
1553 4579 1648 4646 ltalia

228 4701 399 4764 versatum
421 4720 496 4766 esse
525 4707 667 4785 constat,
691 4704 840 4771 codicem
864 4727 905 4772 ex
927 4712 1028 4771 manu
1052 4705 1178 4788 scripto
1200 4705 1236 4770 in
1261 4704 1420 4769 Italorum
1442 4702 1648 4767 bibliotheca

229 4818 374 4901 quadam
404 4822 551 4904 reposito
580 4825 873 4892 transcribendum
903 4827 1030 4892 curavit
1046 4830 1091 4900 ‚et
1118 4826 1219 4909 paulo
1249 4829 1326 4890 ante
1354 4823 1482 4890 obitum
1511 4842 1539 4887 a.
1566 4821 1647 4887 1576

228 4938 273 5004 10.
296 4939 476 5006 Leunclaio
492 4941 593 5024 misit,
617 4945 673 5028 qui
690 4949 770 5010 tunc
783 4945 947 5030 Agathiae
968 4920 1161 5016 versionem
1181 4945 1335 5012 Latinam
1358 4923 1379 5010 a
1401 4923 1646 5024 christophoro

230 5049 382 5127 Persona
394 5063 581 5130 confectam
594 5066 680 5150 typis
694 5068 947 5149 exprimendam
960 5069 1086 5158 curavit
1098 5067 1277 5148 volumine,
1291 5066 1380 5150 quod
1390 5053 1517 5148 prodiit
1528 5061 1647 5127 eodem

230 5201 322 5280 anno
350 5184 504 5250 Basileae
527 5186 616 5272 apud
642 5187 779 5254 Petrum
805 5190 950 5256 Pernam
979 5191 1044 5254 hoc
1065 5189 1163 5255 titulo
1186 5187 1334 5268 „Zosimi
1357 5185 1517 5252 historiae
1540 5202 1647 5248 novae

229 5302 308 5368 libri
329 5304 392 5368 VI“
417 5309 493 5372 cett.
538 5306 606 5373 Sed
629 5327 703 5373 cum
728 5307 798 5375 eius
826 5291 1153 5383 editionis‘maxima
1179 5328 1259 5392 pars
1283 5307 1350 5372 iam
1372 5305 1458 5390 typis
1482 5303 1648 5385 impressa

1171 5427 1175 5436 ‘
1395 5433 1398 5440 '
1479 5425 1492 5478 1
