3962 6150
742 642 1038 704 mmmm
1557 637 1598 715 d

171 869 357 948 adtribuit;
391 871 481 936 idem
508 872 544 936 in
572 871 676 954 ipsius
705 873 853 938 editione
877 874 1053 940 Turicensi
1075 875 1118 957 (a.
1143 875 1238 958 1844)
1264 895 1339 958 pag.
1362 875 1406 941 X:
1435 876 1600 958 „plurima

174 993 420 1075 negligentiam
452 998 487 1059 et
517 995 740 1060 temeritatem
772 996 900 1061 librarii
931 1016 1011 1080 prae
1046 1013 1081 1060 se
1119 996 1261 1061 ferunt.“
1314 995 1456 1061 ibidem:
1490 996 1599 1075 „illius

174 1112 337 1197 (codicis)
370 1116 534 1197 integram
568 1117 782 1182 collationem
815 1117 921 1182 debeo
949 1117 1027 1181 Viro
1062 1117 1200 1182 Summo
1227 1117 1415 1181 Jacohsio.“
1464 1117 1541 1200 Pag.
1571 1117 1601 1182 X

176 1235 260 1299 adn.
283 1236 319 1299 4;
352 1223 535 1314 „nonnulla
569 1237 735 1321 supplevit
767 1257 786 1302 a
818 1257 872 1302 mc
905 1241 1040 1319 rogatus
1063 1238 1100 1301 V.
1130 1235 1238 1322 dtu.
1267 1237 1304 1301 Ε.
1329 1237 1389 1302 Ch.
1413 1237 1600 1302 Schneider

175 1356 357 1438 professor
384 1357 654 1423 Vratislaviensis
688 1358 910 1424 academiae.“
960 1359 1038 1439 Peg.
1068 1358 1112 1421 XI
1145 1357 1295 1421 codicem
1330 1357 1490 1439 scriptum
1524 1377 1600 1424 esse

178 1476 265 1540 dicit
288 1459 421 1542 saeculo
442 1478 510 1543 XV.
1530 1511 1565 1567 p,

858 1760 929 1846 40.

701 1936 743 2008 (u.
761 1937 834 1992 xxx
851 1959 885 1985 =
904 1938 932 1991 s.
949 1939 969 1992 1.
988 1940 1012 1992 s.
1034 1937 1075 2007 n)

312 2076 474 2140 Volumen
496 2076 605 2142 forma
627 2076 773 2141 maxima
796 2076 903 2158 (0323
927 2089 966 2148 ><
990 2078 1085 2158 0337
1109 2078 1176 2160 m),
1200 2078 1262 2142 306
1285 2076 1442 2143 foliorum
1465 2080 1600 2144 chartae

178 2195 375 2278 laevigatae‚
399 2209 464 2279 quo
486 2197 656 2262 volumine
680 2197 850 2264 coniuncti
873 2202 951 2263 sunt
972 2201 1059 2262 tres
1083 2197 1267 2278 codices,
1290 2199 1446 2281 praefixis
1470 2199 1600 2264 duobus

179 2314 273 2379 foliis
301 2315 414 2381 vacuis
448 2316 518 2399 (fol.
550 2320 577 2383 1.
606 2319 649 2401 I),
686 2322 720 2385 et
748 2317 782 2381 in
813 2319 903 2383 calce
933 2318 1048 2382 addito
1076 2337 1144 2382 uno
1174 2317 1254 2382 folio
1283 2337 1387 2384 vacuo
1416 2319 1485 2400 (fol.
1514 2320 1599 2404 306).

180 2435 326 2501 Codices
356 2457 443 2502 saec.
465 2437 537 2502 XVI
559 2439 601 2502 ab
624 2458 692 2503 uno
715 2438 852 2504 homine
883 2438 999 2521 scripti
1023 2440 1109 2518 sunt,
1140 2439 1200 2502 sed
1231 2438 1303 2503 cod.
1327 2439 1368 2503 III
1397 2439 1539 2522 spissius
1568 2443 1601 2504 et

181 2556 409 2638 festinantius,
432 2562 469 2623 ut
491 2559 676 2642 scripturae
699 2559 810 2642 specie
833 2559 1040 2642 aliquantum
1067 2579 1087 2623 a
1109 2559 1123 2622 l
1145 2564 1178 2624 et
1200 2560 1227 2624 lI
1249 2559 1391 2626 differat.

314 2738 494 2804 CodIcibus
518 2739 735 2804 continentur
756 2741 856 2805 haec:

248 2893 278 2960 I.
312 2896 367 2961 fol.
403 2895 565 2961 3-137:
601 2896 771 2961 Pindari
809 2897 996 2962 carmina
1033 2896 1217 2980 Olympia
1251 2917 1325 2962 cum
1360 2898 1533 2964 scholiis
1568 2903 1600 2966 et

183 3016 341 3098 glossis
364 3016 723 3083 interlinearibus
768 3019 855 3084 Sunt
873 3019 910 3082 17
928 3017 1177 3110 quaterniones,
1201 3018 1433 3101 quaternionis
1449 3021 1468 3083 9
1485 3019 1601 3084 folium

183 3137 337 3201 ultimum
361 3137 507 3202 excisum
530 3142 591 3202 est.
636 3139 828 3220 Scripturas
852 3139 936 3204 ratio
961 3157 1000 3203 ea
1024 3143 1084 3218 est,
1111 3143 1148 3204 ut
1170 3142 1281 3204 textus
1304 3139 1474 3204 Pindarici
1496 3141 1600 3223 parti-

186 3259 276 3322 culas
301 3261 483 3341 sequantur
506 3258 635 3323 scholia
658 3259 701 3324 ad
723 3259 816 3342 ipsos
839 3259 902 3324 hos
919 3235 1053 3324 uersus.
1097 3259 1235 3324 Pindari
1262 3279 1378 3324 versus
1402 3260 1437 3324 in
1461 3261 1600 3342 singulis

185 3379 316 3461 paginis
333 3382 411 3444 sunt
429 3380 477 3460 14,
502 3379 708 3445 scholiorum
722 3399 839 3446 versus
855 3381 906 3445 27.
950 3381 1122 3444 Lemmata
1138 3380 1343 3448 scholiorum
1359 3381 1459 3446 rubro
1477 3382 1602 3464 scripta

184 3503 272 3580 sunt,
296 3499 377 3564 item
399 3500 532 3583 glossae
555 3500 798 3568 interlineares.

312 3671 505 3738 Praemissa
527 3677 605 3738 sunt
627 3672 662 3737 in
685 3674 741 3738 fol.
765 3675 794 3738 3.
817 3675 839 3738 4
860 3674 1155 3756 prolegomena
1178 3674 1277 3738 haec:

312 3825 342 3894 1.
388 3827 445 3892 for.
474 3827 604 3892 sr-xr
633 3847 720 3909 sup:
750 3827 842 3892 vna
868 3827 1038 3892 Pindari
1068 3787 1188 3910 „Bion
1215 3787 1447 3890 nimime
1518 3825 1599 3890 rna:

181 3945 334 4034 Πίνδαρος
356 3943 372 4010 ὁ
396 3949 528 4032 ποιητὴς
550 3947 685 4033 θηβαῖος
707 3945 746 4031 ἠν
832 3948 917 4012 des:
941 3942 1047 4031 ἀθρόα
1074 3947 1272 4030 nuptarum..
1314 3947 1410 4011 Hanc
1432 3945 1534 4010 vitam
1558 3964 1599 4009 ex

182 4069 249 4133 hoc
279 4068 394 4133 codice
423 4069 599 4133 ediderunt
628 4067 756 4151 primus
784 4068 808 4132 l.
832 4069 868 4133 G.
893 4068 1079 4133 Schneider
1106 4071 1184 4150 post
1212 4067 1457 4150 praefationem
1480 4065 1599 4132 Theri-

183 4209 319 4255 acorum
342 4189 501 4254 Nicandri
517 4209 590 4272 pag.
607 4189 674 4268 XV,
698 4187 819 4253 deinde
835 4188 1024 4254 Boeckhius
1048 4189 1083 4254 in
1106 4189 1157 4254 ed.
1180 4189 1257 4254 mai.
1274 4187 1412 4254 Pindari
1434 4192 1457 4253 t.
1473 4187 1503 4250 ll
1524 4206 1598 4270 pag.

183 4312 202 4374 9
231 4331 290 4394 sq„
313 4313 391 4393 post
420 4310 509 4374 hunc
538 4309 573 4374 G.
598 4309 633 4373 Ε.
659 4309 737 4374 Chr.
768 4308 955 4374 Schneider
983 4310 1018 4374 in
1045 4308 1235 4392 Apparatus
1267 4308 1437 4374 Pindarici
1460 4307 1599 4392 Supple-

183 4435 295 4496 mento
325 4409 530 4498 hastoit
562 4449 635 4511 pag.
665 4430 708 4493 44
737 4448 827 4512 sqq.3
862 4450 902 4494 ex
931 4429 984 4494 his
1012 4429 1145 4513 repetiit
1173 4430 1452 4496 Westermannus
1485 4427 1597 4508 Biogr.

183 4551 237 4616 Gr.
259 4571 333 4634 pag.
357 4553 398 4616 96
423 4571 505 4633 sqq„
530 4549 581 4614 cui
605 4553 656 4614 est
678 4549 816 4615 Pindari
840 4547 903 4634 βίος
926 4545 963 4635 β’.

312 4704 343 4774 2.
388 4705 444 4770 fol.
472 4706 511 4768 If
538 4706 641 4770 med:
676 4699 883 4788 ‚manupae
919 4701 1252 4788 οἰποερθὲγμοιτοιι(ι
1341 4703 1421 4767 inc:
1454 4700 1599 4785 πίνδαρος

183 4822 200 4890 ὁ
236 4825 400 4912 μελοποιὸς
433 4824 602 4912 ἐρωτηθείς
689 4826 775 4890 des:
808 4823 919 4908 σοφίας
947 4822 1068 4907 δρέπειν
1101 4818 1264 4908 sapatum
1314 4823 1363 4888 Ex
1386 4824 1451 4888 hoc
1485 4823 1598 4886 codice

184 4947 360 5013 ediderunt
381 4948 404 5011 l.
429 4947 464 5011 G.
490 4945 676 5011 Schneider
699 4947 720 5010 l.
744 4965 771 5010 c.
793 4966 867 5028 pag.
890 4945 975 5010 XVII
999 4947 1031 5010 et
1053 4942 1240 5009 Boeckhius
1263 4946 1286 5008 t.
1310 4943 1337 5007 lI
1358 4963 1433 5026 pag.
1457 4944 1506 5007 10.

312 5100 344 5173 3.
389 5103 447 5168 fol.
470 5103 509 5168 4Γ
530 5102 588 5167 inf.
615 5101 732 5166 -IV2
765 5102 820 5166 De
849 5105 980 5166 metro
1004 5099 1155 5184 Olymp.
1177 5100 1200 5164 l.
1280 5086 1368 5164 ina:
1391 5097 1462 5162 Τῶν
1484 5096 1599 5173 ἐντοῖς

185 5223 329 5300 ἐπινίκοις
416 5224 502 5290 des:
524 5217 729 5306 χοριαμβικόν
745 5219 886 5306 δίμετρον
900 5218 1174 5306 καταληκτικὸνεω
1217 5219 1267 5284 Ex
1282 5219 1347 5286 hoc
1364 5217 1478 5282 codice
1494 5217 1599 5284 edidit

181 5346 369 5411 Boeckhius
392 5344 413 5410 l.
436 5344 456 5408 l.
480 5363 554 5426 pag.
578 5344 620 5408 ⁶20
642 5363 691 5425 sq.

1428 5455 1447 5508 4
