3962 6150
765 654 832 708 Cod.
851 654 940 709 Rehd.
957 655 1001 708 46.
1551 658 1591 721 57

158 882 212 946 De
239 883 443 948 Murmureis
475 905 505 949 r.
528 886 565 950 V.
596 847 840 962 Gardthausen,
875 883 1006 948 Griech.
1040 883 1312 966 Palaeographie,
1341 903 1415 965 pag.
1449 885 1522 962 331,
1560 887 1593 948 11

159 1003 205 1066 H.
231 1003 373 1083 Omont,
395 1005 606 1071 Fac-similes
630 1006 690 1070 des
712 1005 916 1070 manuscrits
939 1023 1045 1086 grecs,
1067 1023 1142 1086 pag.
1167 1004 1216 1067 lu.

304 1177 527 1242 Continentur
554 1179 619 1244 hoc
649 1179 765 1244 codice
789 1179 952 1262 Scripta
983 1199 1084 1264 quae
1109 1182 1204 1243 sunt
1227 1179 1275 1244 de
1298 1183 1386 1244 1111
1410 1179 1593 1243 chemica

160 1294 285 1378 (vulgo
308 1297 356 1362 de
380 1300 663 1383 chrysopoeia)
687 1300 875 1365 collecta.

303 1437 441 1518 Singula
470 1437 498 1501 si
526 1437 561 1500 in
590 1437 700 1501 medio
729 1457 970 1519 proponerem,
1001 1439 1117 1503 charta
1146 1439 1311 1502 abuterer.
1363 1437 1452 1503 Satis
1482 1438 1591 1501 habeo

160 1576 257 1639 quae
283 1558 326 1622 sit
350 1557 472 1622 codicis
493 1560 614 1621 natura
632 1558 749 1640 paucis
766 1557 967 1623 describere.
1012 1558 1129 1623 Plures
1153 1559 1253 1639 igitur
1275 1557 1425 1624 eiusdem
1449 1557 1592 1640 exempli

162 1677 308 1742 codices
333 1677 480 1742 Cornelii
509 1678 597 1742 illius
625 1698 727 1742 manu
757 1678 939 1743 festinante
962 1678 1078 1760 scripti
1102 1682 1195 1742 sunt:
1225 1678 1339 1742 codice
1362 1677 1592 1744 Bibliothecae

161 1803 239 1863 nat.
272 1798 409 1881 Neapol.
439 1798 567 1882 (Burb.)
597 1800 656 1863 301
692 1799 754 1880 (111.
784 1800 822 1863 l).
854 1800 916 1882 17.)
951 1800 1067 1864 eadem
1102 1799 1227 1880 scripta
1259 1798 1475 1864 continentur
1508 1820 1593 1882 quae

161 1919 421 2001 RehdigeranO,
446 1920 563 1983 eodem
588 1919 705 1984 ordine
729 1919 859 2001 digesta
881 1940 901 1984 a
922 1920 1031 2002 primo
1055 1921 1098 1984 ad
1121 1923 1315 1997 extremum,
1338 1919 1459 1983 iisdem
1481 1921 1592 1984 verbis

164 2041 366 2123 subscripta
389 2041 503 2124 (Burb.
528 2041 559 2106 ἐν
582 2039 712 2125 ἑνετίησι
734 2060 795 2123 pro
820 2041 852 2105 ἐν
875 2039 1000 2125 {cinoth
1023 2062 1052 2105 v.
1072 2041 1160 2106 Salv.
1178 2039 1290 2122 Cyrilli
1308 2037 1449 2103 Codices
1474 2039 1592 2105 Graeci

163 2161 269 2226 MSS.
293 2161 403 2243 regiae
426 2161 650 2226 bibliothecae
674 2161 894 2240 Borbonicae,
924 2166 1004 2226 torn.
1028 2162 1064 2240 ll,
1088 2160 1188 2242 Neap.
1215 2161 1306 2239 1833,
1335 2181 1409 2243 pag.
1433 2162 1496 2225 390
1519 2181 1592 2244 sqq.

164 2281 301 2347 Eadem
326 2281 541 2348 continentur
565 2283 680 2346 codice
696 2280 838 2345 Vindob.
855 2280 982 2345 Medico
1007 2279 1062 2344 Gr.
1078 2281 1129 2359 51,
1154 2281 1209 2362 qui
1232 2300 1321 2345 anno
1346 2285 1423 2346 ante
1447 2283 1591 2365 scriptus

164 2449 220 2510 est
246 2445 297 2527 (in
322 2445 569 2528 subscriptione
586 2450 637 2510 est
660 2445 691 2511 ἐν
714 2444 845 2532 buettner
861 2449 894 2510 et
915 2393 962 2509 ᾶῶ
984 2390 1034 2531 pff)
1055 2391 1099 2524 ξῶ
1123 2411 1177 2528 dm,
1202 2448 1312 2510 cetera
1335 2465 1410 2510 cum
1425 2445 1532 2509 Rehd.
1548 2445 1591 2510 ad

165 2565 322 2631 litteram
352 2566 595 2649 consentiunt);
632 2587 662 2630 v.
696 2567 787 2631 Petri
817 2567 987 2632 Lambecii
1022 2566 1348 2632 Commentariorum
1381 2566 1422 2629 de
1454 2571 1594 2649 augusta

166 2687 255 2752 bibl.
282 2687 417 2752 Caesar.
439 2687 695 2752 Vindobonensi
718 2685 840 2751 librum
863 2687 914 2764 Vl,
937 2685 1078 2751 Vindob.
1105 2687 1196 2765 1780,
1224 2705 1298 2768 pag.
1323 2687 1511 2752 380-434.
1555 2688 1593 2752 ln

166 2808 224 2873 his
259 2809 360 2889 igitur
389 2807 536 2874 Cornelii
566 2809 728 2891 exemplis
759 2808 839 2890 quid
872 2807 953 2872 insit
987 2808 1014 2871 si
1045 2808 1119 2891 quis
1152 2807 1252 2888 paulo
1284 2807 1423 2890 propius
1452 2827 1593 2873 noscere
1689 2863 1692 2870 .

166 2929 270 3007 velit,
300 2929 388 3010 legat
417 2948 501 3014 quae
523 2930 720 2994 Lambecius
744 2930 764 2993 l.
789 2947 815 2993 c.
841 2928 960 2993 diffuse
988 2929 1017 2992 is
1047 2928 1181 3010 quidem
1210 2945 1272 2991 nec
1298 2931 1412 2992 tamen
1439 2932 1593 2993 accurate

169 3048 341 3134 exposuit.
545 3043 548 3052 “

306 3187 350 3252 At
371 3188 602 3252 mercennario
620 3186 750 3252 scribae
766 3186 947 3252 auctoritas
961 3185 1140 3251 tribuenda
1156 3205 1224 3250 non
1241 3189 1301 3250 est.
1339 3185 1430 3264 Quae
1447 3185 1536 3250 enim
1559 3186 1594 3250 in

167 3312 334 3396 promptu
358 3313 408 3372 est
432 3309 623 3373 coniectura
640 3307 833 3372 Cornelium
848 3306 996 3371 Venetiis
1012 3326 1116 3371 unum
1139 3307 1242 3385 illum,
1266 3305 1321 3389 qui
1340 3307 1532 3371 etiamnunc
1547 3306 1593 3370 ibi

170 3435 237 3510 est,
263 3430 303 3493 de
327 3433 398 3494 arte
422 3428 572 3492 chemica
601 3427 751 3492 codicem
773 3426 936 3491 Graecum
957 3426 1223 3509 transcripsisse,
1251 3446 1365 3491 veram
1394 3447 1469 3491 esse
1495 3430 1593 3508 atque

171 3555 302 3618 certam
326 3549 374 3614 eis
397 3552 568 3632 probatur,
593 3568 676 3630 quae
700 3548 741 3611 de
765 3547 935 3611 codicibus
953 3547 1088 3625 Graecis
1106 3552 1214 3612 artem
1230 3548 1414 3611 chemicam
1438 3550 1593 3630 spectan-

170 3673 266 3736 tibus
303 3671 484 3752 disputavit
517 3670 558 3734 M.
589 3669 763 3734 Berthelot
792 3669 875 3747 „Les
903 3669 1050 3750 origines
1074 3669 1115 3734 de
1136 3668 1343 3748 l’alchimie“,
1371 3669 1476 3733 Paris,
1502 3668 1594 3746 1885,

171 3811 249 3874 pag.
266 3792 307 3855 95
325 3811 407 3873 sqq,
431 3790 493 3854 335
510 3810 581 3872 sqq.
627 3788 691 3867 Qui
715 3807 790 3852 cum
813 3790 933 3854 horum
950 3789 1101 3854 codicum
1123 3790 1189 3854 1111
1212 3790 1394 3855 constituat
1416 3809 1540 3871 genera
1563 3790 1595 3853 11

172 3912 288 3978 verbis
302 3915 335 3975 et
347 3912 447 3976 rebus
460 3911 548 3974 inter
561 3930 597 3974 se
610 3910 846 3993 discrepantia,
858 3910 959 3992 primi
970 3910 1102 3992 generis
1116 3910 1279 3992 optimum
1292 3931 1432 3993 eumque
1444 3910 1594 3974 omniurn

174 4032 450 4117 antiquissimum
479 4031 551 4095 cod.
575 4032 738 4096 Venatum
761 4031 966 4095 Marcianum
995 4032 1068 4110 199,
1098 4031 1221 4096 saeculi
1248 4028 1352 4116 XsXl,
1382 4050 1457 4095 esse
1486 4031 1594 4094 docet.

175 4155 257 4219 llius
277 4153 377 4235 igitur
393 4151 518 4216 codicis
541 4152 703 4216 librorum
725 4152 943 4234 locorumque
966 4151 1214 4236 inscriptiones,
1238 4171 1320 4234 quas
1335 4171 1409 4233 pag.
1426 4149 1594 4215 acl-aaa

177 4275 276 4338 affert
298 4273 333 4336 in
355 4271 641 4353 Francogallicum
663 4291 778 4336 versas
802 4308 843 4319 —
865 4272 990 4336 nollem
1012 4273 1169 4340 vertisset
1191 4309 1241 4352 -,
1265 4291 1383 4337 omnes
1406 4272 1538 4354 repperi
1560 4269 1595 4334 in

179 4395 295 4459 codice
306 4391 552 4474 Rehdigerano,
569 4391 652 4456 alias
668 4392 702 4454 in
715 4411 755 4456 eo
772 4412 842 4456 non
858 4393 999 4475 repperi.
1033 4392 1107 4458 Non
1119 4397 1230 4458 autem
1245 4393 1346 4458 aliam
1362 4392 1596 4457 condicionem

177 4514 283 4582 fuisse
308 4513 432 4578 codicis
454 4513 614 4578 Marciani
637 4512 846 4594 temporibus
871 4513 1029 4592 Cornelii,
1053 4513 1152 4578 aliam
1181 4518 1298 4579 nostra
1324 4518 1443 4594 aetate,
1466 4513 1595 4579 duabus

177 4635 391 4718 potissimum
414 4634 514 4698 rebus
536 4635 713 4716 probatur:
735 4633 882 4715 primurn
898 4633 988 4698 enirn
1005 4653 1089 4717 quae
1104 4638 1216 4716 partes
1240 4635 1275 4700 in
1291 4639 1441 4700 extrema
1463 4634 1595 4700 actione

180 4757 323 4840 septima
352 4753 516 4837 Stephani
544 4753 765 4820 Alexandrini
795 4754 835 4817 de
870 4757 942 4818 arte
976 4755 1048 4818 auri
1083 4755 1227 4819 faciendi
1262 4761 1360 4838 atque
1395 4755 1490 4822 initio
1519 4753 1596 4819 libri

180 4875 326 4942 Comerii
354 4876 395 4940 de
429 4875 546 4940 eadem
575 4878 646 4940 arte
675 4875 710 4940 in
741 4874 856 4939 codice
886 4874 1054 4939 Marciano
1085 4876 1319 4942 desiderantur
1351 4875 1393 4957 (v.
1423 4874 1596 4942 Berthelot

178 5019 251 5080 pag.
281 4998 372 5080 349),
406 5015 465 5062 eae
493 4996 587 5078 ipsae
614 4995 849 5061 desiderantur
877 4995 978 5060 etiarn
1005 4995 1039 5059 in
1069 4996 1217 5061 Cornelii
1252 4998 1428 5080 exemplis3
1456 5001 1528 5060 tum
1556 5015 1593 5058 ea

180 5139 263 5201 quae
285 5118 394 5200 primo
418 5117 498 5181 folio
522 5115 648 5180 codicis
663 5117 822 5182 Marciani
845 5135 947 5182 manu
970 5117 1094 5182 saeculi
1108 5118 1180 5190 XIV
1201 5118 1332 5182 adiecta
1354 5120 1432 5181 sunt
1455 5116 1496 5198 (v.
1513 5116 1595 5180 Ber-

181 5239 287 5304 thelot
308 5257 381 5320 pag.
406 5237 492 5319 348),
522 5235 722 5302 aCornelio
746 5257 887 5319 quoque,
920 5237 1030 5319 quoad
1052 5238 1094 5301 ab
1118 5258 1158 5302 eo
1187 5238 1250 5319 legi
1277 5240 1443 5319 poterant,
1471 5235 1597 5317 scripta

182 5363 267 5426 sunt.
310 5359 386 5423 Una
407 5361 520 5422 tamen
543 5377 579 5422 re
594 5356 782 5423 Marcianus
799 5356 924 5422 differt:
947 5357 1031 5423 ordo
1048 5358 1258 5442 scriptorum,
1282 5358 1339 5441 qui
1354 5361 1406 5424 est
1427 5355 1463 5421 in
1485 5356 1554 5436 illo,
1577 5376 1597 5422 a
