3962 6150
819 601 886 658 aar.
904 603 992 658 uela
1010 604 1053 658 aa.
1604 607 1642 672 19

226 851 343 897 versus
367 837 564 916 exaequent.
608 834 771 898 Versuum
795 853 953 899 numerus
972 833 1153 899 admodum
1175 833 1287 898 varius
1311 837 1378 914 est,
1402 837 1480 913 suut
1500 833 1643 916 paginae

225 973 309 1035 quae
337 953 390 1018 bis
413 954 454 1018 19
482 974 599 1018 versus
627 954 837 1032 contineant,
868 954 902 1018 in
925 955 1000 1020 aliis
1022 955 1075 1020 bis
1099 956 1141 1019 44
1164 959 1252 1035 sunt,
1275 955 1361 1020 aliae
1383 956 1530 1021 medium
1553 956 1640 1020 inter

225 1073 288 1137 hos
312 1093 488 1138 numerum
510 1093 666 1139 versuum
689 1075 859 1140 exhibent.

354 1195 501 1277 Singulis
530 1194 623 1258 libris
652 1196 911 1278 praemittuntur
933 1196 1154 1278 periochae
1183 1196 1379 1262 metricae
1409 1196 1510 1279 (conf.
1541 1216 1642 1280 supra

225 1334 299 1395 pag.
325 1314 376 1397 16)
400 1319 432 1379 et
456 1315 533 1379 inde
555 1335 575 1379 a
597 1316 683 1380 libro
707 1316 985 1397 [argumenta
1012 1336 1115 1398 prosa
1138 1317 1290 1381 oratione
1318 1317 1510 1399 conscripta
1532 1317 1642 1400 (argu-

226 1439 340 1499 menta
362 1433 653 1500 librorum'A—tl
677 1441 709 1501 ct
732 1440 928 1519 argumenta
951 1437 1082 1517 singula
1103 1437 1267 1502 librorum
1288 1435 1305 1500 I
1328 1441 1361 1502 et
1382 1435 1411 1500 A
1433 1437 1469 1501 in
1492 1438 1581 1502 foliis
1603 1440 1640 1503 4¹

226 1559 259 1619 et
281 1555 321 1618 5v
349 1560 483 1620 exarata
513 1577 588 1620 esse
618 1557 706 1622 infra
729 1559 790 1621 sub
814 1577 846 1622 n.
869 1559 889 1622 5
913 1561 946 1622 et
967 1560 988 1621 9
1011 1558 1214 1641 docebitur):
1237 1558 1332 1622 libris
1353 1557 1394 1642 K,
1416 1556 1525 1622 Μ-Ω
1548 1559 1638 1637 bina,

224 1675 309 1739 libro
332 1676 346 1739 l
373 1681 605 1758 argumentum
635 1677 766 1759 generis
789 1678 811 1758 Ι,
839 1678 925 1742 libro
954 1675 983 1740 A
1011 1682 1242 1760 argumentum
1266 1681 1397 1762 generis
1421 1681 1447 1744 II
1475 1679 1643 1762 (usupra

223 1816 297 1878 pag.
328 1798 368 1861 16
396 1797 496 1880 adn).
547 1798 638 1862 Libri
666 1796 693 1860 B
728 1819 807 1881 pars
840 1798 1009 1881 posterior
1039 1799 1243 1882 singularem
1270 1800 1335 1866 fert
1368 1801 1641 1882 inscriptionem:

226 1907 311 2002 ἀρχὴ
334 1917 390 2002 τῆς
413 1917 563 2004 carcerae.

351 2038 388 2103 ln
411 2039 617 2121 marginibus
642 2042 674 2103 et
697 2038 912 2103 interlineas
943 2040 1059 2104 eadem
1082 2060 1184 2104 manu
1208 2041 1370 2105 scholia
1401 2041 1525 2124 scripta
1554 2046 1640 2122 sunt,

225 2179 309 2242 quae
340 2159 535 2242 saepissime
565 2179 634 2223 non
664 2160 763 2223 simul
793 2179 867 2224 cum
895 2163 989 2226 textu
1019 2164 1155 2225 exarata
1184 2161 1243 2224 sed
1271 2166 1391 2242 postea
1423 2161 1537 2226 addita
1566 2183 1640 2226 csse

226 2280 324 2344 docet
347 2280 497 2344 diversus
521 2280 698 2345 atramenti
728 2280 829 2344 color.
877 2279 1046 2345 Nonnulla
1075 2281 1204 2345 scholia
1231 2302 1291 2363 per
1321 2281 1483 2346 incuriam
1511 2283 1635 2347 librarii

224 2400 278 2464 bis
300 2401 352 2464 vel
376 2400 459 2465 adeo
482 2404 533 2464 ter
557 2405 692 2465 exarata
716 2404 803 2480 sunt,
827 2421 943 2465 versus
968 2401 1103 2484 quidam
1119 2402 1153 2465 in
1178 2405 1270 2466 textu
1294 2403 1410 2468 omissi
1433 2403 1468 2466 in
1491 2405 1640 2485 margine

224 2524 343 2601 postea
365 2520 469 2585 additi
493 2525 580 2586 sunt.

353 2659 474 2723 Textui
496 2659 609 2723 Iliadis
632 2660 819 2741 praemissa
842 2661 978 2726 suntin
1001 2661 1091 2726 foliis
1117 2662 1198 2726 1-5
1221 2663 1320 2726 haec:

353 2802 384 2872 1.
429 2805 486 2869 fol.
511 2804 988 2887 1—3121magineshaud
1012 2807 1254 2871 artificiose
1282 2808 1418 2889 pictae
1442 2808 1561 2890 quihus
1585 2829 1639 2873 res

223 2924 257 2988 in
280 2924 381 2988 iliade
411 2930 586 2990 enarratae
615 2930 920 3008 repraesentantur.
970 2926 1211 3009 Inscriptiones
1235 2926 1288 2991 his
1312 2928 1423 3009 liguris
1447 2930 1488 2993 ab
1524 2929 1640 2993 eadem

224 3066 335 3125 manu,
358 3066 442 3129 quae
466 3046 617 3112 codicem
640 3047 796 3126 exaravit,
819 3047 952 3112 additae
977 3067 1052 3112 esse
1072 3048 1239 3112 videntur.

352 3191 385 3260 2.
430 3193 486 3258 fol.
515 3194 570 3259 3¹⁷:
605 3194 827 3259 Tractatus
861 3195 1058 3260 metricus
1088 3192 1307 3275 inscriptione
1342 3213 1470 3258 carens.
1559 3196 1639 3261 inc:

225 3311 296 3378 lad
319 3309 446 3396 ἡροιαὸν
470 3313 579 3398 μὲτρον
600 3309 707 3398 χώρας
730 3316 784 3398 μὲν
800 3313 832 3392 ἓξ
846 3309 944 3390 πόδας
966 3315 1001 3377 δὲ
1024 3311 1200 3398 ἐπιδέχεται
1223 3319 1253 3375 ἔ·
1341 3313 1426 3378 des:
1450 3312 1598 3398 ἐπίτριτος
1620 3302 1639 3378 d

225 3431 262 3494 ἐκ
283 3454 304 3516 γ
327 3432 453 3517 μακρῶν
473 3435 527 3496 καὶ
543 3432 692 3520 βραχείας
708 3431 908 3519 ἐπτοίχρονος,
931 3435 995 3500 οἶον
1016 3434 1236 3512 caltham:-
1277 3433 1394 3515 Agitur
1409 3434 1473 3497 hoc
1496 3438 1639 3500 tractatu

212 3552 368 3641 ¹primum
392 3553 433 3618 dc
456 3559 561 3619 metro
585 3555 722 3619 heroico
739 3559 771 3620 et
788 3556 829 3620 de
853 3555 922 3620 eius
940 3555 1098 3634 caesarie,
1122 3549 1248 3618 deinde
1267 3553 1307 3616 de
1330 3554 1482 3635 pedibus
1499 3575 1640 3638 quorum

223 3678 462 3739 enumerantur
484 3675 587 3758 pedes
611 3674 764 3758 disyllabi
788 3681 820 3741 et
835 3676 1008 3759 trisyllabi,
1030 3679 1101 3740 tum
1118 3675 1158 3739 de
1176 3674 1374 3738 differentiis
1397 3676 1496 3739 metri
1512 3676 1639 3740 heroici

223 3793 382 3878 (διαφοραὶ
404 3800 457 3858 τοῦ
479 3791 618 3880 ἡρωιαοῡ
642 3795 767 3880 μέτρου)
791 3801 930 3878 septem,
954 3797 1073 3879 quihus
1102 3795 1137 3859 in
1159 3797 1225 3859 line
1248 3794 1380 3860 additur
1402 3799 1521 3860 octava
1544 3797 1638 3860 diffo-

223 3915 347 3992 rentia3
371 3916 521 3998 sequitur
544 3918 751 3982 enumeratio
773 3918 897 4000 pedum
919 3916 1211 4000 tetrasyllaborum
1234 3915 1389 3980 sedecim.

351 4059 385 4130 3·
430 4063 485 4127 fol.
508 4063 561 4128 Af:
585 4059 797 4142 ,ὑπόθεσις
822 4068 889 4147 τῆς
917 4061 1009 4148 ὅλης
1038 4058 1239 4138 lactucae*
1328 4057 1506 4127 inc.:†‘H
1536 4056 1637 4146 ἐκοίβη

224 4177 439 4266 ἐγκυμονοῦσα
466 4182 519 4248 τὸν
548 4180 734 4268 ἀλέξανδρον
821 4184 907 4248 des:
936 4183 966 4246 ol
990 4188 1086 4267 τρῶες
1112 4177 1281 4266 ἐξήρχοντο
1309 4178 1386 4264 πρὸς
1413 4177 1464 4244 τὸν
1492 4176 1638 4265 πόλεμον.

222 4301 284 4365 Hic
306 4306 468 4368 tractatus
493 4303 602 4368 editus
619 4307 705 4369 esta
721 4303 880 4369 Cramero
904 4304 938 4367 in
961 4303 1086 4368 Aneed.
1110 4302 1215 4366 Paris.
1238 4302 1301 4366 vol.
1325 4301 1376 4381 Ill,
1400 4301 1523 4366 Oxonii
1547 4301 1638 4379 1841,

220 4441 294 4503 pag.
317 4424 359 4486 99
383 4443 455 4506 sqq.
479 4444 520 4488 ex
543 4424 658 4489 codiee
680 4424 789 4489 Paris.
811 4424 925 4489 Graec.
949 4424 1043 4488 1556.
1089 4422 1236 4506 Originis
1260 4426 1312 4486 est
1327 4422 1537 4500 Tzetzianae,
1560 4441 1639 4485 nam

222 4542 292 4606 fere
326 4542 474 4608 concinit
508 4564 582 4610 cum
611 4546 753 4610 Tzetzae
780 4543 1050 4609 Antehomericis
1079 4564 1109 4608 v.
1138 4543 1311 4622 39-172,
1345 4547 1378 4607 et
1406 4542 1571 4625 reperitur
1604 4541 1638 4605 iu

220 4662 458 4745 Aristophanis
502 4665 618 4730 codiee
651 4664 830 4743 Urbinate,
867 4662 923 4746 qui
964 4664 1106 4728 Tzetzae
1146 4663 1275 4728 scholia
1308 4662 1343 4726 in
1377 4663 1638 4745 Aristophanem

222 4784 371 4860 exhibet,
405 4805 434 4849 v.
465 4784 565 4850 Conr.
599 4787 742 4865 Zacher,
775 4785 836 4851 Die
871 4784 1127 4850 handschriften
1155 4783 1224 4848 und
1257 4783 1389 4848 classen
1419 4783 1478 4848 der
1508 4782 1638 4846 Aristo-

220 4905 505 4986 phanesscholien
528 4905 652 4987 (Jahrb.
676 4906 697 4971 f.
721 4907 818 4972 class.
841 4905 962 4972 Philol.
986 4905 1100 4988 Suppl.
1123 4904 1206 4985 XVI)
1229 4923 1302 4986 pag.
1326 4903 1399 4968 583.

347 5048 381 5118 Aa
426 5050 483 5116 fol.
505 5051 545 5114 1Γ
567 5052 669 5118 med:
696 5053 948 5134 Argumenta
974 5071 1076 5135 prosa
1105 5049 1257 5115 oratione
1282 5049 1474 5130 conscripta
1496 5049 1638 5129 rhapso-

220 5167 351 5235 diarum
365 5169 396 5234 H
411 5174 445 5236 et
459 5167 487 5234 Θ
503 5171 593 5250 bina,
616 5171 904 5254 rhapsodiaruml
921 5177 954 5237 et
968 5170 997 5235 A
1016 5171 1147 5253 singula
1169 5170 1295 5253 (rhaps.
1311 5171 1323 5233 l
1339 5189 1412 5252 gen.
1428 5169 1464 5248 ll,
1481 5168 1593 5250 rhaps.
1608 5167 1638 5232 A

220 5309 294 5372 gen.
316 5290 343 5367 l;
367 5289 407 5356 cf.
431 5310 532 5373 supra
554 5312 586 5374 p.
613 5291 651 5355 16
674 5292 810 5375 adnot).

1452 5407 1484 5460 με
