3962 6150
408 642 448 706 16
966 643 1032 698 God.
1051 644 1139 698 Rehd.
1157 645 1198 698 bl.
1217 645 1259 698 25.

406 866 556 956 fasciculi
571 871 607 933 ut
626 868 770 935 diximus
792 869 973 952 perierunt,
995 869 1112 954 incipit
1133 870 1168 934 in
1190 869 1301 935 medio
1317 869 1490 936 enuntiato
1508 870 1571 936 sic:
1593 869 1636 934 τῶ
1657 866 1820 956 κάλχαντι.

407 989 473 1052 εἶτα
488 987 633 1075 μερισμὸς
648 986 784 1076 ἑλλήνων
799 991 842 1067 εἷς
856 1011 889 1055 τε
904 995 975 1068 τοῦς
995 988 1237 1074 πολιορκοῦντας
1252 1018 1291 1046 =
1308 990 1459 1056 Eustath.
1477 992 1527 1056 ed.
1543 991 1640 1057 Rom.
1655 1011 1729 1074 pag.
1746 993 1821 1070 7,23‚

406 1114 439 1174 et
467 1110 546 1174 item
573 1109 697 1174 desinit
725 1110 760 1175 in
789 1110 900 1175 medio
924 1112 1095 1176 enuntiato
1126 1109 1269 1196 προσέφη
1299 1110 1386 1196 δουρὶ
1413 1110 1567 1176 ἐπαΐσσων
1594 1107 1634 1195 ἠὲ
1662 1111 1717 1195 μὲν
1744 1108 1822 1194 dice

407 1230 493 1314 δουρὶ
524 1225 698 1315 κιχήσομαι
729 1226 771 1306 ὥς
798 1231 853 1294 καὶ
887 1228 961 1294 αὐτὸ
995 1228 1240 1317 προδεδήλωται.
1291 1228 1364 1294 οὐδὲ
1397 1251 1433 1294 σε
1467 1229 1548 1316 φημί
1581 1259 1621 1286 =
1655 1231 1748 1296 Eust.
1778 1232 1821 1295 ad

404 1351 517 1429 K870,
534 1350 584 1416 ed.
596 1351 693 1416 Rom.
705 1352 903 1433 pag.8lh,1r.
933 1351 1031 1416 Initia
1046 1351 1303 1434 rhapsodiarum
1314 1350 1435 1416 litteris
1451 1350 1635 1416 initialibus
1652 1351 1822 1434 eleganter

404 1470 504 1552 pictis
533 1470 689 1536 distincta
717 1476 810 1548 sunt;
845 1472 984 1554 singulis
1013 1471 1205 1554 rhapsodiis
1233 1471 1461 1554 praescriptae
1487 1447 1573 1537 ⁴sunt
1598 1471 1821 1554 periochae

405 1591 482 1656 illae
503 1591 713 1670 metricae,
738 1593 778 1658 de
801 1593 921 1675 quibus
945 1612 1052 1675 nuper
1074 1592 1171 1657 docte
1194 1596 1227 1657 et
1250 1592 1386 1675 copiose
1401 1591 1467 1674 egit
1481 1591 1649 1657 Arthurus
1663 1590 1822 1656 Ludwich

406 1711 441 1774 in
468 1716 716 1794 programmate
742 1712 989 1795 Regimontano
1012 1732 1041 1777 a.
1067 1713 1159 1792 1887,
1190 1712 1279 1796 quod
1308 1712 1502 1778 inscribitur
1525 1711 1683 1792 „Homeri
1710 1711 1822 1776 Iliadis

407 1835 440 1896 et
474 1832 644 1916 Odysseae
676 1833 856 1916 periochae
892 1833 1082 1914 metricae,“
1121 1839 1153 1900 et
1189 1838 1431 1916 argumenta
1472 1853 1596 1916 prosa
1632 1831 1822 1898 oratione

406 1951 691 2037 conscripta.*)
815 1939 818 1944 ¹

534 2101 622 2165 Usus
646 2103 697 2164 est
720 2100 834 2165 codice
858 2100 893 2165 C.
918 2101 955 2166 G.
977 2101 1102 2185 Heyne,
1126 2101 1182 2184 qui
1205 2121 1281 2165 eum
1296 2101 1401 2165 Vrat.
1426 2119 1452 2165 c.
1477 2098 1632 2182 appellat,
1656 2102 1688 2164 et
1710 2097 1745 2162 in
1768 2098 1820 2163 ed.

405 2225 485 2285 tom.
501 2220 542 2284 Ill
556 2241 630 2302 pag.
646 2199 832 2284 LXXXVIII
846 2220 992 2285 breviter
1014 2222 1056 2285 de
1072 2220 1111 2285 e'o
1123 2220 1294 2285 disserens
1310 2220 1490 2286 lectionem
1506 2220 1664 2286 carminis
1681 2219 1820 2284 editioni

405 2341 618 2405 Florentinae
635 2339 812 2405 concinere
828 2341 979 2406 affirmat.
1022 2340 1112 2406 Nihil
1134 2341 1222 2406 ultra
1238 2341 1279 2406 de
1302 2360 1341 2405 eo
1358 2341 1406 2405 La
1420 2341 1579 2419 RochiuS,
1602 2340 1700 2404 Hom.
1717 2340 1818 2404 Text-

404 2461 504 2526 kritik
525 2481 599 2543 pag.
614 2460 687 2524 469.
731 2460 848 2525 Varias
864 2461 1027 2526 lectiones
1044 2461 1276 2527 commentarii
1291 2461 1334 2526 ad
1355 2461 1498 2544 primam
1521 2460 1738 2544 rhapsodiam
1761 2480 1818 2525 ex-

407 2581 542 2664 scripsit
565 2581 601 2646 C.
618 2581 654 2645 b.
670 2581 729 2647 Ch.
747 2581 933 2647 Schneider
948 2583 983 2646 in
997 2583 1080 2647 Mus
1098 2582 1169 2646 crit.
1185 2581 1319 2647 Vratisl.
1338 2582 1419 2646 1820
1433 2603 1465 2664 p.
1482 2581 1618 2660 65-94,
1642 2580 1820 2663 descripsit

406 2702 556 2766 codicem
578 2677 658 2766 ibid.
680 2701 784 2783 praef.
807 2722 881 2784 pag.
903 2702 970 2766 ΧΠ.
1754 2733 1785 2788 Ζ,

1079 3003 1144 3087 25.

954 3177 1024 3246 (rur
1042 3199 1076 3224 -.-.
1095 3177 1123 3232 s,
1142 3178 1162 3232 1.
1180 3177 1205 3230 a
1226 3177 1276 3248 15.)

530 3337 645 3402 Codex
659 3336 934 3400 membranaceus
950 3333 1060 3398 lomna
1073 3333 1220 3398 maxima
1231 3333 1339 3415 (0335
1348 3333 1489 3412 ><0,246
1501 3335 1568 3418 m),
1581 3334 1737 3399 foliorum
1749 3333 1821 3412 393,

408 3458 648 3542 quinquaginta
676 3455 842 3522 fasciculis
871 3457 1031 3520 constans
1059 3455 1116 3538 qui
1147 3459 1225 3520 sunt
1253 3454 1491 3537 quaterniones
1513 3459 1646 3537 praeter
1668 3455 1746 3528 hos:
1780 3455 1821 3518 25

405 3580 515 3645 ternio
539 3582 600 3661 est,
633 3579 675 3643 29
707 3577 817 3642 ternio
846 3575 1053 3658 adglutinato
1081 3595 1149 3640 uno
1178 3575 1258 3641 folio
1286 3574 1385 3660 (229),
1419 3577 1461 3640 30
1487 3575 1581 3641 binio
1614 3573 1820 3658 adglutinato

534 3871 558 3941 ²¹¹)
583 3871 624 3924 De
648 3868 861 3938 argumentis
884 3867 1152 3936 rhapsodiarum
1174 3868 1310 3932 Iliadis,
1335 3867 1466 3937 quoniam
1487 3885 1532 3922 res
1560 3885 1657 3938 parum
1680 3873 1747 3924 nota
1771 3873 1821 3934 est,

404 3960 458 4014 hoc
477 3958 540 4012 loco
558 3975 646 4027 pauca
664 3957 787 4027 prolerre
805 3956 880 4018 libet.
900 3972 972 4025 quae
991 3972 1053 4010 cum
1071 3971 1105 4010 ex
1123 3957 1264 4010 codicibus
1277 3956 1478 4024 Rehdigeranis
1498 3956 1587 4020 didici,
1606 3961 1692 4010 turne
1711 3957 1820 4011 schedis

407 4062 476 4116 quas
500 4044 636 4098 Arthurus
658 4043 791 4098 Ludwich
815 4059 848 4095 ea
871 4043 905 4095 de
928 4059 958 4096 re
982 4060 999 4096 a
1021 4059 1066 4096 me
1089 4044 1231 4097 consultus
1256 4043 1449 4098 liberalissime
1472 4059 1580 4098 mecum
1603 4045 1821 4099 communicavit.

404 4133 521 4185 Exstant
538 4131 620 4199 igitur
637 4131 666 4184 in
684 4130 762 4184 libris
780 4145 864 4182 manu
883 4129 991 4198 scriptis
1010 4130 1065 4184 duo
1084 4146 1185 4198 genera
1204 4134 1428 4199 argumentorum
1440 4147 1524 4199 prosa
1542 4131 1667 4185 oratione
1684 4132 1821 4201 conscrip-

404 4223 504 4287 torum,
522 4218 583 4287 ipsa
601 4217 692 4286 specie
711 4233 743 4270 ac
760 4215 848 4284 primo
872 4215 969 4269 obtutu
992 4216 1064 4269 inter
1082 4233 1112 4270 sa
1137 4217 1329 4280 differentium,
1353 4217 1464 4272 alterius
1489 4217 1561 4271 enim
1580 4217 1687 4285 generis
1706 4217 1822 4288 (quodi

405 4321 505 4359 vocare
524 4305 616 4374 liceat)
635 4307 796 4372 argumenta
813 4302 899 4356 multo
918 4303 1046 4356 breviora
1063 4307 1134 4367 sunt,
1155 4304 1268 4358 alterius
1288 4303 1378 4373 (nobis
1396 4305 1431 4374 11)
1454 4303 1592 4373 copiosius
1615 4321 1659 4358 res
1684 4310 1821 4360 enarrant.

403 4391 479 4445 Libri
496 4392 568 4461 typis
586 4390 713 4459 impressi
732 4394 779 4443 aut
796 4389 876 4457 primi
894 4394 1001 4443 tantum
1019 4390 1127 4457 generis
1147 4395 1308 4458 argumenta
1325 4391 1456 4445 exhibent
1478 4392 1513 4444 ad
1533 4407 1628 4445 omnes
1647 4392 1821 4461 rhapsodias,

405 4484 451 4532 aut
469 4483 497 4532 et
518 4478 589 4532 haec
612 4478 641 4530 in
659 4492 756 4531 omnes
775 4481 802 4529 et
827 4476 933 4544 generis
951 4477 976 4530 II
999 4481 1160 4544 argumenta
1182 4477 1211 4530 in
1230 4478 1322 4547 thaps
1341 4478 1420 4542 B-I,
1439 4480 1471 4542 A,
1488 4481 1518 4532 II.
1555 4478 1645 4532 Etiam
1662 4479 1770 4533 Beklxer
1792 4479 1821 4531 in

402 4564 562 4634 Appendice
573 4562 665 4618 Schol.
675 4564 706 4617 ll.
725 4567 887 4631 argumenta
905 4563 1050 4631 generisll
1069 4563 1138 4617 haec
1155 4568 1263 4618 tantum
1275 4565 1417 4632 expressit,
1437 4570 1464 4618 et
1482 4565 1547 4618 hinc
1558 4565 1667 4634 repetiit
1679 4565 1820 4620 Michaelis

403 4653 432 4706 in
451 4651 590 4707 0.1ahnii
613 4651 684 4705 libro
709 4650 755 4720 qui
778 4650 925 4720 inscriptus
950 4655 993 4704 est
1011 4649 1205 4715 „Griechische
1228 4650 1490 4705 Bilderchronilren“
1514 4653 1646 4720 pag.100
1668 4669 1730 4721 sqq.
1766 4653 1821 4705 Sed

403 4740 432 4793 in
450 4739 590 4792 codicibus
609 4743 770 4806 argumenta
789 4737 896 4805 generis
914 4738 940 4790 ll
958 4737 1041 4791 etiam
1058 4737 1087 4790 in
1105 4737 1270 4806 rhapsodias
1287 4741 1319 4801 Κ,
1337 4741 1371 4802 Μ,
1390 4741 1466 4791 Ξ-Ω
1485 4743 1601 4803 exstare,
1619 4739 1748 4793 brevibus
1766 4739 1821 4792 iam

403 4827 508 4880 rettulit
528 4825 660 4880 Ludwich
682 4825 710 4880 in
733 4825 801 4880 nus,
825 4825 914 4880 Rheu.
932 4825 1031 4878 XXXII
1056 4841 1119 4893 pag.
1139 4824 1179 4878 11.
1214 4825 1393 4893 Rhapsodiae
1410 4829 1435 4879 A
1457 4831 1648 4896 argumentum
1674 4827 1820 4894 avulgato

405 4914 543 4968 diversum
561 4930 576 4967 e
594 4929 695 4981 magno
719 4929 832 4967 numero
852 4913 977 4967 codicum
1001 4928 1018 4964 a
1034 4911 1194 4965 Ludwichio
1214 4912 1379 4966 collatorum
1402 4930 1474 4967 unus
1496 4918 1603 4968 tantum
1620 4914 1820 4967 Laurentianus

403 5001 496 5057 habet.
514 5032 549 5040 -
567 5002 625 5054 Iam
644 5001 678 5054 de
697 5001 836 5055 codicibus
854 4999 1055 5068 Rehdigeranis
1073 5000 1200 5053 referam.
1237 4997 1303 5053 God.
1322 5000 1356 5052 ab
1374 5001 1485 5054 exhibet
1503 5005 1665 5069 argumenta
1684 5000 1792 5069 generis
1810 5001 1823 5053 Ι

404 5091 439 5143 ad
457 5089 550 5156 rhaps.
569 5091 667 5146 B-z.
684 5089 785 5151 Θ-Κ;
809 5088 915 5155 generis
933 5087 959 5140 II
983 5087 1019 5140 ad
1036 5089 1058 5140 B
1078 5089 1105 5140 et
1122 5089 1154 5141 H.
1190 5086 1257 5141 God.
1275 5086 1310 5140 lb
1333 5087 1501 5155 argumentis
1525 5092 1607 5142 caret
1644 5087 1710 5142 God.
1729 5088 1763 5142 26
1786 5087 1821 5141 ad

404 5192 500 5230 omnes
519 5175 683 5245 rhapsodias
702 5174 843 5244 utriusque
856 5173 964 5243 generis
983 5178 1145 5242 argumenta
1162 5174 1254 5237 habet,
1273 5179 1387 5244 excepta
1402 5175 1497 5244 prima,
1517 5177 1592 5229 cuius
1611 5191 1697 5228 unum
1715 5179 1821 5229 tantum

403 5265 545 5331 vulgatum
568 5262 686 5318 exbibet.
723 5261 789 5316 God.
808 5262 855 5315 bl:
879 5277 939 5329 gen.
958 5261 970 5314 Ι
988 5262 1024 5314 ad
1045 5263 1145 5324 B-H,
1171 5263 1203 5325 K,
1229 5263 1328 5326 Μ-Σ,
1355 5265 1393 5326 Ψ;
1421 5278 1481 5330 gen.
1504 5263 1531 5316 11
1554 5263 1590 5316 ad
1611 5263 1704 5325 Β-Δ,
1727 5264 1821 5325 Ζ-Θ,

403 5354 504 5420 Κ-Μ,
523 5353 618 5415 O-P,
637 5353 731 5404 T-X.
768 5348 835 5403 God.
854 5349 900 5403 99:
920 5365 980 5417 gen.
999 5349 1011 5402 Ι
1029 5349 1064 5402 ad
1082 5352 1114 5412 Δ,
1132 5351 1160 5414 Γ,
1177 5351 1207 5412 Ε,
1227 5352 1258 5414 Ζ;
1277 5365 1338 5418 gen.
1356 5350 1381 5403 ll
1400 5351 1435 5404 ad
1452 5352 1483 5414 B,
1501 5353 1527 5416 Δ,
1546 5353 1573 5404 Ζ.
