3962 6150
351 581 391 646 γυ
889 575 1217 630 fflnfflnmn

349 801 442 869 τάτου
463 802 554 868 πάπα
575 803 699 881 λέοντος
720 803 915 888 συναχθείση
939 801 1021 868 κατὰ
1039 802 1345 888 πρισκυλλιανιστῶν.
1370 801 1584 890 βασιλεύοντος
1607 802 1772 889 ρωμοιίιυν,

351 924 575 1012 μαρκιανοῦι·“
662 926 743 992 inu:
769 922 957 1012 Πιστεόομεν
980 925 1022 1002 είς
1045 925 1098 990 ἕνα
1121 921 1197 989 θεόν
1220 922 1370 1009 ἀληθινόν
1458 925 1544 990 des.:
1568 923 1705 990 ἐναντίον
1729 922 1779 987 τῶ

349 1051 403 1110 τοῦ
426 1044 515 1131 ἁγίου
537 1045 650 1132 πὲτρου
673 1043 777 1130 θρόνοι
791 1045 937 1129 ποιοῦσιν,
961 1042 1107 1130 ἀνάθεμα
1130 1044 1225 1112 toan:
1262 1045 1354 1110 Haeo
1376 1045 1479 1111 latine
1496 1045 1585 1127 apud
1599 1045 1777 1110 Mansium

350 1168 415 1232 vol.
437 1167 477 1231 III
498 1187 572 1250 pag.
597 1167 816 1232 luna-1004.

479 1303 511 1374 3.
556 1306 612 1370 iol.
635 1306 944 1372 taurina-lun:
967 1308 1069 1371 Aeta
1093 1306 1262 1374 concilii
1279 1304 1471 1370 Toletani
1494 1304 1628 1382 tertii,
1650 1324 1679 1369 a.
1705 1303 1777 1368 589

352 1426 483 1504 celebr„
510 1425 545 1489 in
572 1427 705 1492 brevius
734 1429 911 1492 eontracta
935 1430 968 1491 et
991 1426 1135 1509 capitula
1156 1426 1232 1490 fidei
1255 1426 1380 1490 ibidem
1402 1424 1636 1507 ,pronunciata
1658 1443 1774 1507 usque

354 1547 514 1629 quintum.
561 1545 613 1628 ,,ἐν
639 1551 678 1631 τι)
705 1544 786 1612 καπσὶ
815 1545 943 1611 τολὲταν
968 1545 1055 1632 τρίτιγ
1086 1544 1218 1611 συνόδου.
1249 1543 1300 1610 ότε
1321 1543 1356 1610 τό
1383 1551 1443 1612 τῶν
1464 1542 1589 1630 γότθιυν
1611 1544 1704 1622 ἔθνος
1730 1544 1778 1620 εἰς

352 1665 409 1751 τόν
436 1667 490 1731 τοῦ
518 1673 646 1752 χριστοῦ
679 1659 838 1753 εόσὲβειαν
871 1665 1067 1752 ἐπεστράφη,
1101 1667 1151 1730 διὰ
1179 1666 1233 1731 τοῦ
1269 1664 1419 1752 βασιλέως
1452 1659 1552 1732 ἀυτῶν
1580 1664 1776 1750 ῥεκαρέδου.

352 1784 493 1851 κελεύσει
514 1786 568 1850 τοῦ
591 1784 762 1871 όγιιυτάπου
784 1786 953 1872 γρηγορίου
975 1787 1029 1851 τοῦ
1051 1783 1174 1871 πρώτου
1196 1783 1287 1851 πάπα
1308 1784 1599 1871 ουγκροτηθείσηιί(
1686 1785 1777 1849 ino:
1875 1815 1877 1821 ·

354 1904 572 1975 Συνελθόντων
594 1905 716 1972 πάντων
738 1907 798 1973 τῶν
820 1905 996 1974 ἐπισκόπων
1018 1907 1159 1983 ίσπανίας
1180 1908 1234 1970 καί
1249 1905 1398 1991 γοιλοιτίας
1420 1907 1469 1989 (in
1485 1907 1635 1988 margine
1650 1907 1777 1971 rubro:

356 2027 405 2091 ἐπὶ
426 2027 480 2090 τοῦ
503 2020 593 2112 ἀγίου
615 2026 785 2113 γρηγορίου
806 2028 859 2092 τοῦ
876 2025 1023 2112 διαλόγου
1032 2030 1053 2110 ε)
1141 2028 1226 2092 des.:
1249 2028 1304 2090 καὶ
1327 2026 1461 2112 βαθμοῖς
1484 2025 1632 2110 διαιροῦσι
1654 2024 1777 2112 κτίσμα

353 2148 387 2211 τὲ
420 2148 495 2213 είναι
527 2146 683 2232 λέγουσιν,
717 2145 865 2234 ἀνάθεμα
893 2148 1026 2217 ἔσται)
1069 2135 1160 2213 Haec
1194 2147 1296 2212 latine
1324 2147 1412 2229 apud
1439 2147 1604 2213 Mansium
1633 2147 1698 2211 vol.
1728 2147 1776 2211 IX

351 2288 425 2351 pag.
450 2269 629 2334 977—985.

481 2404 515 2475 4.
560 2407 615 2471 fol.
653 2409 729 2471 198r
761 2409 917 2472 --101ν
955 2408 1029 2472 ini:
1073 2410 1212 2473 Sermo
1267 2406 1402 2470 saneti
1449 2405 1668 2488 Augustini
1724 2405 1775 2470 de

353 2525 447 2608 igne
479 2527 722 2610 purgatorii.
772 2526 857 2610 „Tou
892 2525 982 2612 ἀγίου
1011 2525 1210 2611 ου’γουστίνου
1244 2523 1414 2591 ἐπισκόπου
1448 2524 1581 2603 ἱππῶνας
1612 2526 1683 2610 περί
1714 2524 1776 2588 τοῦ

353 2645 571 2730 καθαρτηρίου
593 2645 747 2732 πυρόςι-ίί
821 2649 902 2713 inu:
922 2645 979 2713 Ἐν
1000 2654 1040 2732 τῆ
1055 2669 1116 2732 προ
1136 2647 1245 2732 μικροῦ
1267 2646 1457 2732 προτεθείση
1480 2639 1554 2731 ἡμῖν
1577 2643 1775 2730 ἀποστολικῆ

354 2767 509 2852 περικοπῇ
533 2767 672 2851 φίλτατοι
694 2763 833 2854 ἀδελφοί,
857 2765 1043 2854 ἀκηκόαμεν
1066 2766 1236 2832 αὐτοῦτοῦ
1260 2765 1435 2832 ἀποστόλου
1459 2765 1611 2851 λέγοντος.
1684 2767 1775 2831 des.:

353 2885 517 2972 πνεύματι·
545 2894 604 2974 ,νῦν
632 2890 686 2953 καί
717 2887 765 2953 ἀεὶ
796 2891 851 2953 καὶ
873 2879 916 2966 εἰς
940 2886 1011 2967 τούς
1038 2890 1151 2966 αἰῶνας
1177 2892 1237 2954 τῶν
1263 2887 1428 2956 αἰώνωνεί
1471 2889 1563 2953 Haec
1591 2887 1707 2953 Latine
1737 2886 1775 2951 in

353 3007 530 3090 Augustini
553 3010 637 3092 Opp.
662 3009 712 3074 ed.
735 3011 840 3075 Paris.
864 3011 906 3092 (a.
932 3010 1027 3094 1651)
1052 3011 1113 3075 vol.
1136 3011 1166 3074 X
1187 3030 1261 3093 pag.
1284 3011 1343 3074 421
1371 3030 1442 3093 sqq.

486 3144 517 3213 5.
563 3146 619 3210 fol.
643 3148 725 3210 univ
748 3147 806 3211 inf.
829 3184 870 3194 -
893 3151 991 3213 0030
1037 3150 1283 3231 Excerptum
1306 3167 1323 3211 e
1348 3149 1506 3229 scripto
1529 3145 1670 3211 neseio
1694 3165 1773 3227 quo

355 3266 488 3330 sancti
531 3267 709 3332 Thomae
748 3268 968 3351 Aquinatis
1015 3275 1132 3352 „Moti
1172 3267 1327 3355 μακαρίου
1370 3267 1482 3353 θυμοῖ,
1521 3265 1772 3334 ντεκουίνω;·ί“

354 3381 545 3468 [legendum
574 3387 646 3452 sine
675 3389 776 3454 dubio
804 3389 991 3456 ντεακουίνω
1020 3385 1059 3445 ε’
1089 3391 1130 3455 de
1157 3390 1305 3472 Aquin03
1339 3410 1372 3454 ντ
1398 3388 1509 3472 posito
1538 3407 1599 3470 pro
1628 3388 1649 3451 d
1677 3407 1773 3452 more

355 3504 557 3571 Graecorum
586 3507 785 3594 recentium]
872 3510 952 3574 ino:
983 3501 1024 3573 Ἥ
1051 3510 1107 3594 τῆς
1134 3508 1271 3596 σήμερον
1296 3507 1415 3596 ἡμέρας
1445 3505 1632 3594 εόιρρόσυνος
1660 3505 1774 3593 μνήμει

358 3624 497 3708 φίλτατοι
512 3619 651 3712 ἀδελφοί,
668 3628 759 3694 πᾶσιν
774 3625 847 3713 ἡμῖν
862 3639 1013 3714 παραινεῖ,
1029 3639 1091 3708 τοῖς
1104 3637 1159 3694 τοῦ
1182 3628 1348 3717 ίεριυτάτου
1364 3633 1419 3695 καί
1431 3628 1606 3715 ἀγιιυτατου
1630 3625 1773 3713 σώματος

356 3745 441 3810 des.:
465 3743 578 3831 ἀμφοῖν
601 3746 773 3834 ἀχώριστος
795 3747 883 3832 οὖσα,
907 3749 1044 3828 ζωτικῶς
1065 3752 1120 3814 καί
1141 3744 1272 3834 ἀληθῶς
1295 3751 1547 3819 δισδείκνυταιτί
1569 3748 1693 3826 τέλος)

483 3903 569 3969 Usus
595 3908 646 3969 est
669 3905 782 3972 codice
805 3907 856 3971 nr.
882 3906 966 3971 Guil.
990 3907 1074 3972 Gass
1098 3907 1140 3988 (a.
1166 3908 1270 3991 1842.)
1695 3937 1737 3990 il.

1017 4129 1110 4214 302.

827 4285 869 4354 (u.
888 4285 925 4338 n.
944 4286 1002 4340 nvi
1020 4309 1053 4334 =
1074 4288 1101 4340 s.
1120 4287 1163 4340 ιν.
1182 4287 1206 4340 υ,
1225 4304 1249 4339 π
1268 4287 1302 4356 9.)

486 4405 600 4471 Codex
616 4407 750 4472 chartae
767 4408 948 4489 laevigatus
964 4409 1072 4473 forma
1088 4410 1250 4492 quadrata
1265 4408 1395 4475 minore
1411 4411 1517 4493 (0201
1531 4424 1575 4483 o<
1591 4377 1687 4491 utin
1702 4413 1770 4495 ιιι),

358 4526 512 4591 foliorum
546 4529 615 4609 159,
650 4548 790 4612 quorum
825 4532 980 4612 quattuor
1012 4530 1129 4595 ultima
1161 4550 1265 4596 vacua
1298 4531 1414 4596 relicta
1442 4535 1534 4611 sunt,
1563 4531 1770 4614 undeviginti

356 4666 631 4748 quaternionibus
656 4636 724 4749 (οἰον
736 4636 841 4750 -ἶον,
866 4637 930 4754 ff
941 4707 982 4714 -
994 4637 1063 4751 κον)
1080 4672 1240 4734 constans
1258 4673 1291 4734 et
1305 4670 1460 4735 tennione
1483 4638 1576 4754 (ιαον)
1596 4672 1648 4736 eui
1665 4691 1768 4735 unum

356 4787 472 4851 folium
488 4787 555 4871 (84)
579 4787 820 4869 adglutinatum
837 4791 896 4852 est.
942 4790 1092 4872 Scriptus
1109 4793 1161 4854 est
1182 4789 1314 4854 saeculo
1330 4791 1389 4854 XV
1411 4794 1552 4856 exeunte
1575 4792 1617 4854 ab
1633 4791 1768 4856 homine

357 4907 483 4972 Graeco
507 4907 651 4991 quidem,
675 4909 734 4972 sed
757 4927 826 4972 non
850 4929 869 4972 a
889 4909 1051 4975 Michaelo
1066 4909 1238 4992 Apostole,
1261 4914 1298 4974 ut
1324 4915 1413 4976 recte
1436 4914 1553 4975 eontra
1575 4911 1768 4976 Krantzium

357 5032 390 5092 et
405 5028 628 5108 Wachlerum,
651 5029 707 5112 qui
724 5028 811 5094 circa
826 5050 854 5095 a.
874 5031 956 5095 1460
979 5051 1054 5095 eum
1076 5031 1237 5113 scriptum
1254 5052 1329 5097 esse
1345 5031 1510 5114 opinatur,
1527 5033 1688 5098 Ernestus
1704 5035 1768 5097 Lu-

357 5147 494 5212 dovicus
517 5149 696 5216 aLeutsch
719 5149 754 5214 in
776 5150 1156 5235 Paroemiographorum
1172 5149 1374 5219 Graecorum
1404 5151 1455 5220 ed.
1473 5151 1617 5236 Gotting.
1646 5154 1769 5220 tom.II

355 5287 428 5352 pag.
452 5269 509 5333 XII
530 5269 548 5352 θ
573 5271 621 5335 11.
