3962 6150
911 609 1238 664 God.Rehd.4or.4oa

497 837 688 920 Sequuntur
703 837 768 901 loci
785 837 849 903 duo
867 858 884 902 e
908 837 1081 917 „Lascaris
1097 837 1166 902 Lib.
1183 839 1224 902 lll
1247 837 1510 903 Grammatices“
1534 841 1567 903 et
1590 838 1708 922 „Gyllii
1732 838 1788 902 lib.

369 958 410 1021 IV
431 959 673 1041 topographiae
696 958 1039 1041 Constantinopoleos
1064 958 1143 1041 Cap.
1165 959 1262 1024 Vlll.“

496 1078 587 1144 Haec
620 1083 777 1162 quattuor
810 1081 890 1146 folia
924 1080 1049 1162 scripta
1083 1084 1161 1145 sunt
1195 1099 1284 1144 anno
1322 1080 1413 1157 1566,
1445 1079 1667 1145 subscribitur
1697 1081 1791 1144 enim

371 1200 427 1265 fol.
456 1201 509 1264 df:
541 1198 573 1265 ἐν
599 1199 742 1286 aasabim
764 1201 803 1285 τῇ
827 1203 858 1264 ἢ
880 1204 934 1265 τοῦ
958 1200 1118 1286 ρωμαικοϋ
1141 1199 1237 1285 μηνὸς
1259 1196 1441 1284 αὐγούστου,
1466 1199 1526 1262 ἔτει
1553 1201 1608 1284 τῆς
1635 1199 1790 1285 ἐνσοὶρκου

369 1319 545 1405 οἰκονομίας
567 1341 597 1406 ᾳ.
621 1341 652 1404 φ.
675 1319 701 1399 ξ.
725 1335 750 1384 ε.
773 1325 806 1385 et
828 1321 884 1386 fol.
906 1321 962 1386 dv:
986 1319 1116 1404 Pataeij
1136 1319 1217 1384 Ka.
1247 1305 1363 1384 Vlia.
1386 1319 1451 1384 Aa.
1477 1318 1564 1386 cl).
1593 1318 1650 1388 J).
1674 1306 1786 1401 W,

372 1441 496 1524 scripta
519 1445 598 1505 sunt
620 1445 731 1506 autem
760 1460 861 1506 manu
891 1441 1040 1508 eiusdem
1068 1441 1198 1507 Gerarti
1226 1442 1470 1524 Falkenburgii,
1501 1443 1541 1506 de
1571 1462 1636 1524 quo
1660 1441 1789 1506 dictum

370 1566 421 1626 est
443 1583 516 1645 pag.
540 1562 590 1626 61.
1711 1595 1753 1649 Μ,

1024 1713 1119 1797 492.

817 1870 1328 1940 ffimfflffl=smaaffi

498 1994 613 2059 Codex
641 1995 837 2058 chartaceus
866 1993 975 2058 forma
1002 1992 1141 2058 minima
1173 1993 1282 2074 (0,140
1305 2006 1343 2064 ><
1367 1994 1461 2075 0,103
1484 1995 1542 2076 m.)
1572 1994 1695 2058 saeculi
1718 1995 1787 2072 XV,

368 2116 524 2181 foliorum
540 2116 792 2179 numeratorum
803 2114 876 2192 0239,
890 2117 1050 2178 constans
1063 2133 1104 2178 ex
1116 2115 1157 2177 18
1171 2113 1458 2197 quaternionibus,
1472 2134 1612 2198 quorum
1624 2115 1787 2198 primasi

299 2299 301 2304 .
328 2293 330 2298 ,
365 2241 497 2302 tantum
512 2235 601 2300 foliis
619 2236 760 2313 constat,
774 2233 903 2298 duobus
919 2234 1124 2315 binionibus‚
1140 2254 1208 2297 uno
1225 2233 1455 2316 quaternione.
1502 2234 1616 2299 Codici
1637 2236 1788 2316 praefixa

367 2361 446 2422 sunt
469 2360 597 2439 septem
612 2355 820 2433 foliaracua,
843 2355 877 2418 in
901 2373 1043 2438 quorum
1066 2354 1236 2419 nonnullis
1261 2357 1418 2436 excerpta
1441 2355 1567 2437 aliquot
1588 2356 1706 2420 Latina
1728 2376 1786 2420 ex·

368 2478 493 2561 scripta
509 2481 587 2541 sunt
602 2496 703 2540 manu
718 2476 765 2540 Io.
781 2476 895 2557 Langi,
912 2477 968 2558 qui
984 2475 1019 2538 in
1033 2476 1144 2557 primo
1160 2475 1240 2540 folio
1256 2476 1340 2540 haec
1356 2475 1504 2558 scripsit:
1529 2473 1629 2539 {bruc
1650 2475 1787 2541 libellum

367 2598 419 2662 Io:
443 2595 579 2680 Laupas
601 2599 810 2677 consequutus
832 2599 877 2659 est
904 2615 943 2659 ea
969 2593 1113 2676 reliquiis
1134 2593 1341 2659 Bibliothecae
1364 2593 1520 2659 Matthiae
1544 2594 1679 2661 Uoruiui
1701 2595 1787 2681 repis

367 2716 560 2784 Pauuouiae
587 2720 741 2800 requaute
768 2715 933 2780 Medouim
960 2714 1126 2780 li'ladislai
1152 2713 1221 2798 filio
1244 2714 1436 2784 Paauouiae
1463 2720 1493 2780 et
1514 2716 1671 2782 Baiernrae
1697 2737 1785 2802 repe·

367 2859 454 2906 auuo
476 2836 609 2902 Domiui
639 2836 741 2900 1524.
793 2836 921 2902 Vtiuaur
949 2836 1064 2918 aiiqreis
1092 2858 1131 2901 ea
1154 2835 1289 2919 posteris
1316 2837 1426 2922 Laugi
1453 2836 1617 2902 emoriatur
1643 2836 1699 2919 qui
1729 2835 1786 2902 tali

366 2958 461 3025 iibeilo
483 2979 555 3023 curu
576 2957 680 3039 atiquo
700 2956 811 3040 fructu
833 2957 883 3022 uti
899 2956 1009 3040 possit.
1053 2959 1135 3022 Item
1149 2961 1228 3040 post
1245 2958 1362 3023 folium
1377 2960 1439 3024 239
1463 2958 1631 3023 adduntur
1653 2964 1784 3041 septem

365 3083 445 3147 tolia
467 3101 580 3160 vacua,
605 3100 747 3162 quorum
770 3079 932 3145 nonnulla
955 3083 1112 3162 excerpta
1133 3079 1253 3144 Latina
1276 3099 1295 3144 a
1316 3081 1429 3161 Lango
1454 3083 1589 3144 exarata
1612 3078 1783 3143 exhibent.

362 3203 453 3267 ldern
480 3202 612 3283 Langus
641 3201 676 3263 in
705 3201 819 3265 codice
847 3202 969 3265 multas
1000 3199 1234 3265 adnotationes
1257 3201 1393 3265 Latinas
1422 3201 1457 3264 in
1479 3200 1629 3282 margine
1652 3200 1783 3264 addidit

364 3327 397 3387 et
420 3341 671 3403 nonnumquam
693 3322 796 3386 verba
818 3321 893 3402 ipsa
914 3320 1041 3385 Graeca
1064 3321 1217 3385 correxit.

495 3443 540 3506 Io.
568 3442 716 3522 Longus,
745 3442 800 3524 qui
829 3443 918 3506 hunc
948 3441 1098 3506 codicem
1127 3441 1294 3523 possedit,
1334 3441 1465 3506 videtur
1505 3442 1608 3506 fuisse
1637 3443 1782 3506 loannes

362 3565 494 3644 Langus
517 3562 607 3641 lCtUS,
636 3562 814 3626 Freistadii
843 3561 878 3625 in
908 3562 1029 3626 ducatu
1051 3561 1274 3625 Teschinensi
1302 3565 1401 3626 natus
1430 3583 1458 3627 a.
1490 3561 1588 3640 1503,
1616 3561 1671 3644 qui
1698 3562 1782 3626 vixit

363 3704 468 3766 usque
492 3684 535 3748 ad
557 3703 682 3747 annum
714 3683 811 3759 1567;
841 3682 927 3745 conf.
958 3700 1041 3764 quae
1072 3681 1112 3744 de
1142 3701 1182 3745 eo
1211 3682 1339 3746 rettulit
1367 3681 1522 3747 Nicotaus
1550 3681 1709 3746 Henelius
1737 3684 1780 3747 ab

361 3804 574 3870 Hennenfeld
607 3804 642 3867 in
676 3804 762 3867 libro
796 3801 1024 3884 manuscripto
1059 3802 1094 3864 in
1125 3801 1331 3866 bibliotheca
1358 3802 1465 3867 Rehd.
1501 3801 1687 3881 adservato,
1722 3803 1779 3885 qui

361 3925 557 3990 inscribitur
581 3924 723 4003 „Silesia
744 3926 877 4005 togate“
901 3926 982 3987 tom.
1005 3922 1019 3985 Ι
1040 3941 1114 4004 pag.
1139 3922 1201 3988 378
1226 3942 1297 4005 sqq.

490 4080 690 4147 Continetur
713 4079 842 4144 codice:

488 4201 757 4282 Horologium
780 4200 813 4263 in
830 4199 1024 4264 universum
1041 4199 1257 4264 consentiens
1275 4219 1349 4264 cum
1365 4199 1512 4264 editione
1530 4219 1613 4281 quae
1629 4200 1777 4264 Venetiis

361 4343 390 4387 a.
416 4322 498 4387 1704
519 4322 659 4405 prodiit,
687 4322 803 4386 titulus
827 4321 991 4402 generalis
1015 4317 1198 4405 ὡρολόγιον,
1228 4321 1285 4404 qui
1314 4321 1348 4384 in
1372 4321 1575 4385 editionibus
1598 4321 1661 4385 toti
1689 4321 1776 4385 libro

361 4443 496 4525 praefigi
526 4443 628 4522 solet,
656 4443 764 4522 deest,
792 4442 852 4507 sed
878 4442 988 4524 prima
1015 4445 1146 4506 tantum
1174 4461 1252 4524 pars
1282 4441 1330 4506 sic
1359 4441 1522 4523 inscripta
1549 4444 1609 4506 est.
1657 4441 1775 4506 Partes

363 4567 442 4628 sunt
464 4564 542 4628 hae:

491 4700 523 4765 1.
567 4701 623 4766 fol.
649 4703 800 4765 1-111ε
829 4701 1090 4782 horologium
1120 4700 1255 4782 proprie
1285 4700 1333 4763 sic
1356 4699 1481 4765 dictum
1511 4697 1698 4787 ,ὡρολόγιον
1721 4723 1774 4768 συν

361 4822 428 4887 aea
452 4819 531 4906 ἁγίω
553 4822 624 4904 περὶ
645 4821 719 4905 ἔχον
740 4820 844 4886 πᾶσαν
859 4819 915 4904 τήν
938 4818 1162 4884 ἀκολουθίαν·“
1250 4819 1330 4883 inc:
1354 4817 1440 4906 ἀρχὴ
1462 4822 1515 4885 τοῦ
1539 4822 1773 4907 μεσονυκτικοῡ·

362 4941 488 5029 βασιλεῦ
505 4938 643 5027 adpetere·
667 4938 833 5025 τρισάγιον·
856 4939 993 5024 cararia
1007 4937 1107 5024 τριάς·
1195 4938 1280 5003 des:
1305 4935 1345 5015 ὡς
1360 4939 1484 5026 ἀγαθὸς
1498 4939 1573 5019 θεὸς
1594 4943 1650 5005 aut
1671 4939 1774 5026 φιλοίν-

361 5065 504 5149 θρωπος.
529 5065 594 5128 εἶτα
610 5066 664 5128 καὶ
677 5062 748 5140 τοὺς
765 5063 912 5149 βασιλεῖς·
936 5065 991 5126 καὶ
1006 5061 1119 5138 ἄλλους
1134 5059 1186 5138 οὓς
1202 5059 1345 5147 βούλειε-
1367 5063 1441 5144 (Est
1461 5061 1537 5126 finis
1559 5062 1772 5145 precationis,

363 5206 447 5269 quae
477 5185 513 5249 in
541 5185 706 5267 horologii
736 5184 882 5250 editione
910 5184 1036 5248 Veneta
1064 5182 1106 5264 (a.
1136 5182 1231 5266 1714)
1260 5182 1379 5265 legitur
1406 5182 1442 5246 in
1469 5203 1542 5266 pag.
1574 5184 1648 5264 196,
1678 5183 1774 5249 aliter

361 5306 546 5388 formatus).
