3962 6150
793 609 860 666 Cod.
879 611 968 666 Rehd.
986 614 1029 668 35.
1576 615 1617 680 47

202 854 338 900 carmen
360 837 531 919 Apollonii
554 838 589 902 in
612 838 769 905 inferiore
791 845 886 923 parte
909 841 981 906 folii
1003 843 1083 906 8011
1104 842 1247 925 scriptus
1271 846 1323 908 est
1344 842 1468 908 Index
1488 843 1619 925 Argo·

200 959 434 1037 nautarum,
458 977 557 1042 quem
578 959 754 1025 Merkelius
769 981 844 1044 pag.
860 962 922 1026 535
944 963 1031 1045 typis
1054 963 1200 1046 imprimi
1224 963 1360 1044 curavit,
1404 963 1486 1029 ino:
1508 956 1620 1046 ὀρφεδς

198 1072 329 1162 ὀιοίγρου
356 1086 438 1154 παῖς.
502 1080 588 1146 des:
621 1077 767 1160 ναύπλιος
794 1081 962 1148 κλυτωνέου
988 1081 1011 1167 ἠ
1038 1083 1263 1160 ποσειδῶνοςεω
1313 1083 1479 1149 Carminis
1512 1082 1618 1148 textui

200 1198 370 1264 interdum
393 1199 511 1264 eadem
532 1220 635 1266 manu
656 1203 707 1266 vel
731 1202 766 1267 in
788 1203 992 1286 marginibus
1015 1205 1067 1270 rel
1090 1205 1179 1270 intra
1201 1205 1307 1270 lineas
1323 1204 1434 1270 variae
1455 1204 1618 1268 lectiones

202 1323 236 1384 et
258 1320 390 1400 glossae
413 1320 547 1386 additae
571 1326 658 1387 sunt.

330 1441 418 1507 Usus
448 1446 499 1506 est
528 1444 592 1507 hoo
614 1443 784 1525 Apollonii
813 1444 928 1510 codice
957 1446 1171 1528 neglegenter
1197 1443 1356 1510 Danielus
1384 1444 1472 1509 Beck
1504 1444 1540 1508 in
1569 1443 1620 1508 ed.

210 1581 270 1625 sua
291 1560 381 1643 Lips.
408 1563 504 1640 1791;
527 1562 783 1644 diligentissime
810 1563 1019 1630 Wellauerus
1048 1567 1084 1630 in
1112 1567 1163 1630 ed.
1185 1565 1274 1647 Lips.
1299 1565 1392 1644 1888,
1420 1564 1476 1648 qui
1498 1565 1620 1628 librum

204 1681 350 1763 optimae
373 1683 473 1747 classi
496 1684 693 1749 adnumerat
715 1685 818 1766 praef.
841 1705 915 1768 pag.
937 1687 979 1750 Vl
1001 1691 1033 1752 et
1061 1686 1225 1767 integram
1246 1685 1402 1749 lectionis
1425 1684 1620 1749 varietatem

203 1803 342 1867 editioni
359 1823 438 1868 suae
461 1803 610 1869 inseruit.
655 1805 730 1869 Non
746 1806 872 1871 curavit
895 1827 970 1870 eum
984 1806 1170 1884 Merkelius‚
1194 1805 1322 1870 eteius
1344 1805 1448 1887 praef.
1467 1824 1541 1886 pag.
1557 1805 1619 1869 LV.

329 1957 362 2024 4.
407 1958 463 2022 fol.
486 1959 709 2024 8081-8141
731 1961 834 2026 med:
867 1961 1037 2026 Hesiodi
1066 1961 1231 2026 Scutum
1253 1960 1442 2025 Herculis
1472 1950 1620 2046 ,ἡσιόδου

199 2074 324 2154 ἀσπίς.“
369 2078 433 2142 inc.
450 2099 524 2162 pag.
539 2081 615 2144 8031
633 2081 735 2145 med:
752 2078 797 2144 ’H
812 2081 862 2165 οἵη
885 2079 1079 2164 προλιποῦσα
1123 2081 1209 2145 des:
1235 2078 1287 2166 βίῃ
1310 2076 1449 2144 σύλασκε
1471 2076 1619 2144 δοκεύων.

199 2199 377 2264 Praecedit
391 2200 426 2264 in
443 2199 498 2264 fol.
512 2202 590 2266 8081
606 2205 640 2265 et
650 2202 726 2266 8031
744 2197 951 2284 ,ὑπόδεσις
971 2205 1038 2287 τῆς
1052 2197 1213 2284 ήσιὸδου
1229 2196 1421 2277 ἀσπέδος.“
1444 2201 1539 2282 tino:
1555 2199 1622 2285 Τῆς

202 2316 333 2395 ἀσπίδος
354 2316 375 2403 ἡ
399 2311 485 2406 ἀρχὴ
508 2319 605 2406 ἐντῷ
627 2317 763 2407 τετάρτῳ
813 2322 900 2387 des:
922 2317 1076 2404 τύραννον.
1101 2317 1252 2406 μήστορα.
1275 2317 1438 2408 τηλεβόαν.
1461 2317 1618 2405 raimone)

201 2459 303 2521 quam
319 2460 359 2504 ex
375 2442 439 2505 hoc
455 2440 571 2505 codice
587 2442 690 2506 edidit
703 2441 777 2506 Car.
789 2442 877 2507 Frid.
892 2442 1106 2508 Heinriohius
1123 2443 1158 2508 in
1175 2443 1321 2507 editione
1334 2441 1523 2508 Soutinat.
1538 2442 1620 2506 1808

200 2580 277 2642 pag.
292 2561 331 2624 41
358 2582 418 2644 sq,
441 2561 584 2644 repetiit,
608 2561 703 2627 initio
726 2563 873 2642 desecto,
897 2562 1097 2646 Gottlingius
1120 2563 1156 2627 in
1178 2563 1229 2628 ed.
1246 2564 1343 2630 Goth.
1362 2564 1443 2627 1843
1465 2582 1539 2646 pag.
1562 2563 1622 2626 108

204 2700 278 2764 sqq.
302 2680 367 2762 (est
389 2686 618 2764 argumentum
639 2681 687 2766 Δ),
716 2683 829 2748 omisit
850 2682 1005 2748 Flachius
1035 2683 1071 2747 in
1094 2683 1311 2766 Gottlingiani
1340 2683 1451 2766 operis
1474 2682 1621 2747 editione

142 2809 148 2818 '
203 2801 304 2866 tertia
325 2801 415 2885 Lips
440 2803 531 2868 1878.
576 2805 721 2868 Textum
755 2802 912 2868 carminis
942 2804 1084 2867 contulit
1106 2807 1139 2867 et
1167 2803 1201 2866 in
1231 2803 1389 2868 editionis
1419 2823 1498 2868 suae
1524 2823 1622 2867 usum

203 2922 356 2986 adhibuit
388 2923 602 2989 Heinriohius
642 2922 696 3004 (cf.
730 2923 834 3007 praef.
867 2942 899 3004 p.
933 2922 1062 2988 XXVHI
1097 2924 1176 3007 sq.);
1220 2923 1340 2987 iterum
1374 2943 1449 2988 eum
1483 2924 1624 2988 contulit

204 3042 240 3106 G.
263 3043 565 3108 Marokscheffelius
600 3044 635 3108 in
668 3064 766 3108 usum
792 3042 924 3122 Raetii,
958 3043 1014 3126 qui
1047 3042 1202 3109 lectionis
1230 3043 1425 3110 varietatem
1458 3044 1622 3126 integram

204 3162 361 3228 editionis
385 3164 478 3229 Sonti
500 3183 521 3228 a
544 3183 580 3228 se
605 3164 688 3228 1841)
710 3167 844 3228 curatae
866 3163 1037 3245 apparatui
1060 3163 1176 3228 critico
1198 3163 1349 3229 inseruit.

334 3317 367 3382 5.
411 3319 467 3384 fol.
497 3319 579 3383 8141
609 3319 695 3386 med.
723 3356 766 3366 -
793 3321 876 3385 8151
911 3320 1014 3384 med:
1051 3320 1311 3403 Epigramma
1348 3320 1394 3385 de
1430 3320 1621 3386 Herculis

204 3437 419 3504 laboribus
449 3436 646 3524 ,ἡρακλέους
673 3438 814 3523 ἆθλοι.“;
849 3442 929 3506 ino:
957 3439 1072 3525 Πριῖντα
1095 3443 1150 3526 μέν
1172 3441 1204 3505 ἐν
1225 3439 1321 3528 νεμέᾳ
1386 3441 1470 3506 des:
1492 3461 1622 3526 τριςκαι-

204 3557 333 3636 δέκατος
355 3558 448 3625 πέλεν
470 3559 578 3638 ἆθλος.
623 3562 671 3626 De
703 3563 768 3626 hoc
797 3533 1035 3645 epigrammate
1064 3562 1151 3627 conf.
1186 3582 1270 3647 quae
1299 3561 1489 3627 dictasunt
1522 3583 1623 3644 supra

205 3680 247 3744 ad
270 3680 343 3744 cod.
366 3682 418 3760 86,
440 3701 513 3763 pag.
537 3683 589 3746 80.

332 3817 366 3883 6.
410 3819 467 3884 fol.
489 3820 680 3886 8151111114.
705 3857 745 3867 -
768 3821 852 3885 8391
874 3821 977 3885 med:
1005 3821 1176 3886 Hesiodi
1206 3821 1447 3903 Theogonia
1475 3814 1624 3904 ,ήσιόδου

204 3936 383 4024 δεογονία.“
439 3939 519 4005 ino:
542 3936 698 4006 Μουσάων
721 3938 926 4006 έλικωνιοίδων
981 3942 1067 4005 des:
1089 3941 1201 4025 κοῦραι
1223 3939 1286 4017 διὸς
1308 3939 1470 4026 αἰγιόχοιο.

333 4060 557 4126 Collationem
579 4061 622 4126 ad
651 4061 833 4128 editionem
855 4062 1107 4127 Dindorfianam
1128 4061 1217 4144 Lips.
1243 4062 1324 4126 1885
1352 4062 1474 4126 factam
1500 4061 1625 4142 publici

205 4181 285 4245 iuris
315 4181 394 4245 fecit
415 4181 719 4246 Maroksoheffelius
748 4183 783 4247 in
810 4182 897 4246 libro
926 4181 983 4265 qui
1010 4183 1204 4247 inscribitur
1226 4181 1386 4261 „Hesiodi
1410 4181 1539 4246 Eumeli
1562 4185 1623 4246 cet.

205 4300 411 4382 fragmenta“
438 4301 528 4383 Lips.
561 4301 644 4366 1849
670 4322 744 4385 pag.
773 4303 832 4368 XV
861 4322 948 4386 sqq.;
978 4303 1018 4367 cf.
1049 4304 1192 4368 eundem
1221 4303 1262 4368 de
1290 4302 1415 4367 codicis
1444 4302 1557 4367 indole
1586 4323 1624 4366 ac

205 4422 312 4502 pretio
336 4420 426 4486 haud
449 4423 640 4503 spernendo
663 4422 891 4506 disputantem
912 4443 986 4505 pag.
1009 4422 1067 4486 ΧΠ
1090 4443 1161 4506 sqq.

334 4573 367 4641 7.
411 4575 466 4642 fol.
490 4575 574 4641 8391
597 4578 684 4642 med.
708 4614 746 4624 -
770 4577 866 4643 8671ε
899 4577 1013 4643 Arati
1041 4579 1332 4642 phaenomena
1361 4573 1499 4662 „o’cpoiwo
1521 4572 1624 4662 φαινό-

207 4697 314 4779 μενα.“
358 4695 440 4766 ino:
458 4689 521 4760 Ἐκ
536 4693 599 4773 διὸς
615 4692 821 4782 ἀρχώμεσδα.
867 4697 953 4762 des:
977 4696 1110 4780 σχεδέως
1131 4718 1186 4762 κεν
1209 4695 1258 4762 ἐπ’
1283 4695 1387 4783 αἰθέρι
1408 4692 1626 4784 τεκμήραιοτω

205 4813 294 4891 τέλος
315 4821 375 4880 τῶν
397 4815 587 4902 φαινομένων
608 4813 735 4900 ἀροίτου.

333 4938 473 5003 Aratum
502 4937 642 5002 contulit
667 4939 716 5002 Jo.
746 4939 809 5004 Th.
839 4937 950 5003 Buhlii
984 4938 1019 5002 in
1047 4959 1144 5003 usum
1173 4939 1397 5017 Soheibelius;
1430 4938 1625 5004 varietatem

207 5055 361 5122 lectionis
378 5057 517 5123 Buhlius
541 5058 784 5123 commentario
807 5057 965 5124 editionis
980 5059 1068 5140 Lips.
1087 5060 1167 5124 1793
1191 5059 1331 5125 inseruit
1353 5061 1517 5141 integram
1532 5058 1625 5122 voll

205 5199 280 5261 pag.
296 5179 357 5243 377
375 5199 447 5262 sqq.
483 5179 564 5242 Inde
582 5177 725 5260 sumpsit
739 5179 939 5244 Matthiaeus
958 5179 998 5256 ‚in
1018 5179 1069 5243 ed.
1084 5179 1236 5243 Francos.
1255 5180 1335 5245 1817
1352 5183 1385 5243 et
1401 5179 1624 5243 Buttmannus

208 5298 242 5362 in
266 5299 316 5363 ed.
343 5299 435 5378 1886,
458 5297 514 5381 qui
535 5302 649 5364 tamen
672 5318 712 5364 ea
732 5302 864 5364 tantum
886 5319 972 5382 quae
993 5300 1068 5364 usui
1091 5320 1167 5366 esse
1189 5300 1283 5365 duxit
1305 5298 1480 5382 excerpsit.
