3962 6150
840 588 905 642 τοι.
923 589 1013 644 Rehd.
1031 589 1091 644 358.
1628 599 1665 663 71

251 823 313 892 τοῖς
328 812 504 892 όσιωτάτοις
520 811 697 894 ἐπισκόποις
718 822 774 901 τῆς
795 816 995 903 φιλοχρίστου
1011 819 1156 885 σικελιῦν·
1180 819 1336 908 Ταράσιος
1354 822 1432 888 ἐλὲω
1447 823 1526 888 θεοῦ
1542 824 1667 890 ἐπίσκο-

251 956 308 1012 πος
335 933 677 1014 κωνσταντινουπόλεως
710 936 780 1015 νέας
813 935 956 1024 ριόμηςεα
1050 940 1130 1005 inc.:
1166 941 1196 1006 σί
1228 949 1290 1019 τοῖς
1317 942 1415 1020 θείοις
1441 950 1544 1028 σοφιῦς
1574 945 1667 1031 ἐμμε-

250 1056 398 1134 λετῶντες
428 1056 541 1142 λόγοις,
628 1059 712 1124 des:
746 1059 799 1124 σῦν
826 1061 901 1124 πᾶσι
929 1069 991 1137 τοῖς
1023 1059 1224 1147 φοβουμένοις
1256 1060 1308 1127 τόν
1336 1061 1442 1149 κόριον
1475 1057 1571 1150 άμηνι
1584 1105 1603 1121 ε
1627 1095 1666 1122 =

249 1177 352 1256 Phra,
380 1177 463 1243 Iuris
492 1180 710 1246 ecclesiastici
740 1181 943 1247 Graecorum
974 1181 1116 1248 historia
1145 1187 1178 1247 et
1206 1188 1424 1250 monumenta
1451 1187 1515 1252 vol.
1542 1185 1570 1249 ll
1592 1206 1666 1268 pag.

251 1297 440 1362 309-313.

380 1451 413 1522 3.
458 1454 514 1518 ἰοί.
545 1455 636 1519 1171:
672 1456 752 1518 inc:
788 1451 829 1518 Ἡ
861 1455 921 1520 τῶν
950 1453 1076 1522 εἰκόνων
1098 1455 1221 1542 γραφη,
1254 1457 1445 1543 πραγμάτων
1478 1459 1559 1523 ἐστίν
1593 1457 1667 1524 οἰνα-

253 1571 371 1658 γραφη.
460 1574 545 1639 des.:
568 1576 623 1638 καί
645 1572 753 1659 μέχρις
773 1565 871 1660 ἡμῶν,
893 1577 948 1639 καί
969 1577 1011 1652 είς
1032 1575 1084 1640 τόν
1107 1577 1213 1658 αἰῶνα,
1235 1576 1364 1664 άμηνι-
1385 1579 1418 1660 (9
1440 1581 1581 1662 versus).

376 1727 411 1798 l.
461 1731 517 1795 fol.
549 1731 870 1813 117r—120rsup.:
899 1733 1125 1815 Nicephori
1154 1735 1420 1817 patriarchae
1451 1735 1666 1819 Gpolitani

251 1853 391 1916 Sermo
415 1851 703 1934 apologeticus
733 1849 1028 1937 ‚,÷lluclcpnnadg
1051 1860 1106 1917 τοῦ
1122 1851 1207 1919 όσίου
1226 1851 1342 1939 πατρός
1369 1853 1467 1940 ἡμῶν,
1495 1852 1666 1940 νικηφόρου

248 1968 442 2056 πατριάρχου
481 1970 839 2053 κωνσταντινουπόλεως,
876 1971 953 2057 πρός
990 1971 1046 2058 την
1082 1974 1261 2059 καθολικὴν
1289 1974 1473 2059 ἐκκλησίαν·
1506 1977 1578 2060 περί
1612 1979 1667 2039 τοῦ

248 2089 332 2155 κατὰ
359 2093 418 2158 τιῦν
446 2099 565 2159 σεπτῦν
589 2090 716 2159 εἰκόνων
736 2091 828 2159 πάλιν
856 2092 926 2158 νέου
950 2091 1143 2180 σχηματος.“
1238 2096 1318 2161 inc:
1343 2093 1449 2180 ἐπειδὴ
1472 2093 1493 2180 ἡ
1517 2093 1591 2179 άγία
1612 2097 1666 2160 τοῦ

248 2211 327 2275 θεοῦ
356 2212 511 2297 ἐκκλησία
598 2214 683 2279 des:
718 2213 933 2300 βραβευθῆναι
962 2214 994 2278 έν
1022 2212 1118 2299 αὕτη,
1154 2215 1195 2292 εἰς
1223 2215 1293 2292 τοῦς
1321 2216 1434 2293 αἰῶνας
1459 2216 1520 2281 τῶν
1548 2213 1665 2281 αἰώνων

249 2330 373 2418 άμηνεω
404 2333 494 2399 Inter
510 2334 821 2417 scriptaNicephori
837 2355 922 2418 quae
938 2335 1109 2417 congessit
1119 2336 1212 2401 Pitra
1224 2337 1244 2401 l.
1259 2356 1286 2402 c.
1297 2337 1361 2402 vol.
1374 2338 1485 2419 llpag.
1499 2337 1666 2402 314-348

249 2474 318 2518 non
341 2455 504 2537 reperitur
526 2455 582 2519 hic
606 2475 717 2520 sermo
740 2455 978 2537 apologeticus.
1002 2491 1004 2496 ·

377 2599 408 2670 5.
454 2601 509 2666 fol.
542 2603 635 2667 120¹:
670 2600 821 2685 ,,ιέτέρα
849 2599 996 2679 ἀπόδοσις
1025 2604 1095 2688 περί
1121 2602 1181 2668 τῶν
1211 2600 1305 2687 άγίων
1333 2601 1495 2668 εἰκόνωνιίζ
1583 2606 1663 2669 inc:

247 2718 300 2785 τόν
329 2721 382 2786 ένα
413 2721 539 2807 χριστόν
572 2723 626 2785 καί
648 2720 769 2807 κόριον,
793 2719 1035 2808 ὁμολογούμεθα
1059 2721 1192 2807 ἀόρατον
1219 2725 1273 2786 καὶ
1296 2721 1415 2808 όρατόν.
1504 2725 1590 2789 des.:
1613 2729 1667 2788 τοῦ

249 2847 401 2926 κυριακοῦ
424 2840 548 2927 δηλαδὴ
570 2843 625 2906 καί
647 2840 805 2928 θεοφόρου
828 2841 1017 2928 σώματοςιω
1040 2844 1093 2925 (13
1116 2846 1257 2927 versus).

376 2987 407 3056 6.
452 2990 508 3054 fol.
541 2992 618 3055 laur
647 2991 704 3055 inf.
727 3028 769 3036 -
792 2994 886 3056 idol:
923 2992 1122 3056 Methodii
1155 2991 1421 3073 patriarchae
1454 2990 1665 3072 Gpolitani

247 3111 435 3193 Epistula
463 3111 512 3176 ad
533 3111 914 3196 Hierosolymorum
941 3113 1226 3194 patriarcham
1254 3109 1378 3194 ‚‚†Tos›
1400 3107 1490 3194 άγίου
1514 3111 1663 3196 μεθοδίαν

246 3227 441 3315 πατριάρχου
478 3228 836 3314 κωνσταντινουπόλεως,
875 3229 1021 3316 έπιστολη
1054 3231 1236 3317 πεμφθεῖσα
1268 3229 1345 3316 πρὸς
1380 3227 1433 3297 τόν
1469 3229 1665 3316 πατριάρχην

248 3348 469 3436 ίεροσολόμων,
499 3351 549 3414 ἐπὶ
570 3351 757 3437 καθαιρέσει
778 3352 838 3418 τῶν
868 3349 1137 3418 ἀποστατισάντων
1160 3350 1306 3436 ίερέωνιιζ
1394 3351 1474 3416 inc:
1496 3349 1554 3435 την
1576 3351 1666 3416 έκτοι-

249 3472 359 3538 θεῖσαν
380 3472 436 3556 τῆς
457 3471 557 3556 τιμίας
578 3471 823 3559 κορυφαιότητός
846 3495 903 3537 σου
925 3473 979 3537 τοῦ
1001 3471 1097 3558 λόγου
1113 3482 1206 3558 χεῖρα
1293 3473 1378 3540 des:
1402 3469 1472 3536 οὔτε
1495 3471 1547 3536 τόν
1570 3472 1664 3560 έσχα-

247 3614 299 3658 τον
320 3592 374 3658 τοῦ
397 3589 570 3678 πριότυυει
593 3623 632 3647 =
656 3594 749 3659 Pitra
771 3595 791 3657 l.
817 3614 843 3658 c.
866 3596 931 3659 vol.
954 3595 981 3658 ll
1003 3616 1076 3678 pag.
1100 3595 1278 3660 355-357.

374 3765 567 3832 Posteriora
591 3766 705 3831 codice
729 3767 944 3833 continentur
966 3769 1065 3832 haec:

310 3902 351 3968 ΙΙ
375 3901 405 3971 l.
466 3903 508 3967 ol.
527 3903 736 3968 121-1921:
751 3905 852 3969 Acta
866 3904 1176 3988 pseudosynodi
1192 3904 1437 3983 Photianae‚
1453 3925 1482 3969 a.
1499 3906 1561 3969 878
1579 3907 1664 3970 cele·

246 4026 362 4090 hratae
396 4023 560 4106 (actiones
593 4024 671 4106 Vll).
728 4022 906 4108 ,πρακτικὰ
940 4025 996 4107 τῆς
1028 4020 1119 4109 ἁγίας
1150 4021 1294 4088 συνόδου.
1329 4023 1599 4108 συγκροτηθείσης
1632 4026 1663 4090 ἐν

246 4141 559 4210 κωνσταντινουπόλει
580 4141 639 4208 ῦπό
663 4142 778 4228 φωτίου
800 4148 854 4208 τοῦ
871 4141 1054 4229 άγιωτάτου,
1076 4145 1131 4207 καί
1152 4143 1366 4230 οἰκουμενικοῦ
1387 4142 1593 4229 πατριάρχου,
1614 4145 1664 4209 ἐπὶ

249 4262 355 4331 ένωσει
366 4264 422 4349 τῆς
432 4265 486 4328 τοῦ
499 4265 577 4329 θεοῦ
590 4261 679 4350 άγίας
690 4267 745 4328 καί
757 4261 965 4350 άποστολικῆς
977 4264 1220 4350 ἐκκλησίαςιι“
1286 4266 1366 4330 inc:
1379 4261 1663 4349 Προκαθεσθέντος

247 4384 361 4469 φωτίου
428 4385 514 4450 des:
539 4383 778 4472 ἐπευφημησανε
800 4383 911 4449 Πολλοί
925 4382 964 4449 τά
979 4387 1033 4470 ἔτη
1049 4385 1109 4450 τῶν
1126 4383 1323 4471 βασιλέωνιί
1345 4391 1388 4449 τῶ
1403 4384 1471 4448 θεοῦ
1494 4382 1609 4463 δόξαι·
1621 4416 1659 4440 --

245 4506 353 4571 Mansi
365 4507 386 4571 l.
400 4525 427 4571 c.
443 4508 507 4571 vol.
523 4508 608 4572 XVII
625 4527 699 4590 pag.
712 4507 890 4572 373-524,
930 4507 1086 4590 Sequitur
1102 4507 1159 4571 fol.
1180 4508 1383 4571 wir-192*
1398 4506 1564 4608 appendix
1577 4526 1661 4589 quae

1479 4613 1577 4744 ηναὶ
1597 4629 1661 4728 il

245 4763 425 4850 λεγόμεναι,
459 4763 672 4847 πεπλασμέναι
698 4765 756 4828 εἰσί
784 4760 859 4847 παρ’
891 4760 986 4827 αῦτοῦ
1013 4769 1067 4827 τοῦ
1095 4762 1225 4847 φωτίου,
1253 4765 1308 4828 καί
1334 4761 1371 4828 οῦ
1403 4762 1476 4829 κατ’
1507 4761 1660 4848 ἀληθειαν

246 4646 328 4710 inc:
352 4643 523 4730 ἀναγκαῖον
545 4643 670 4710 εἰδέναι·
694 4641 734 4722 ως
756 4643 789 4707 αί
810 4642 983 4708 τελευταῖαι
1005 4641 1095 4707 αῦται
1118 4640 1172 4707 δύο
1194 4641 1332 4727 πράξεις.
1361 4641 1384 4728 η’
1405 4665 1439 4708 τε
1462 4647 1478 4711 ξ

245 4885 468 4971 πεπραγμέναι.
556 4886 642 4950 des:
664 4881 703 4947 τά
720 4891 774 4949 τοῦ
790 4882 960 4970 σχίσματος
983 4883 1175 4968 ἔστεργενιι
1199 4913 1238 4939 =
1260 4885 1368 4950 Mansi
1390 4885 1455 4950 vol.
1477 4883 1564 4948 XVII
1585 4904 1659 4970 pag.

246 5008 308 5071 512
332 5009 393 5072 sub
415 5010 518 5071 textu.
575 5026 577 5032 ’

375 5159 407 5229 2.
451 5161 508 5225 iol.
538 5161 749 5226 l‘lssr--llllr
774 5160 849 5225 ini:
884 5160 1098 5242 „Capitula
1124 5159 1296 5224 concilii
1322 5159 1514 5224 Toletani
1540 5159 1659 5240 primi

246 5304 336 5350 anno
364 5283 426 5348 447
456 5280 572 5346 hahiti.
606 5279 659 5366 ,,έν
686 5285 724 5368 τῆ
757 5277 840 5343 κατά
867 5277 994 5344 τολέταν
1021 5275 1129 5366 πρώτη
1159 5277 1292 5346 συνόδω·
1321 5276 1462 5344 κελεύσει
1489 5278 1543 5342 τοῦ
1566 5275 1657 5364 άγιω·
